{
    "segment_distribution": {
        "Consumer": [
            3458,
            0.52
        ],
        "Corporate": [
            2084,
            0.31
        ],
        "Home Office": [
            1172,
            0.17
        ]
    },
    "segment_quantity": {
        "Consumer": 3.53,
        "Corporate": 3.5,
        "Home Office": 3.62
    },
    "segment_unit_price": {
        "Consumer": 148.33,
        "Corporate": 135.51,
        "Home Office": 144.96
    },
    "segment_profit": {
        "Consumer": 21.23,
        "Corporate": 12.41,
        "Home Office": 19.76
    },
    "segment_discount": {
        "Consumer": 0.14,
        "Corporate": 0.16,
        "Home Office": 0.14
    },
    "country_distribution": {
        "United States": [
            1778,
            0.26
        ],
        "Australia": [
            348,
            0.05
        ],
        "France": [
            310,
            0.05
        ],
        "Mexico": [
            306,
            0.05
        ],
        "Germany": [
            253,
            0.04
        ],
        "India": [
            238,
            0.04
        ],
        "Brazil": [
            202,
            0.03
        ],
        "China": [
            192,
            0.03
        ],
        "United Kingdom": [
            186,
            0.03
        ],
        "Turkey": [
            164,
            0.02
        ],
        "Indonesia": [
            152,
            0.02
        ],
        "Nigeria": [
            136,
            0.02
        ],
        "Italy": [
            129,
            0.02
        ],
        "Cuba": [
            100,
            0.01
        ],
        "El Salvador": [
            96,
            0.01
        ],
        "Honduras": [
            94,
            0.01
        ],
        "Spain": [
            92,
            0.01
        ],
        "Dominican Republic": [
            84,
            0.01
        ],
        "Nicaragua": [
            82,
            0.01
        ],
        "New Zealand": [
            80,
            0.01
        ],
        "Philippines": [
            80,
            0.01
        ],
        "Guatemala": [
            76,
            0.01
        ],
        "Iran": [
            76,
            0.01
        ],
        "South Africa": [
            60,
            0.01
        ],
        "Saudi Arabia": [
            54,
            0.01
        ],
        "Egypt": [
            52,
            0.01
        ],
        "Netherlands": [
            46,
            0.01
        ],
        "Thailand": [
            44,
            0.01
        ],
        "Morocco": [
            44,
            0.01
        ],
        "Argentina": [
            42,
            0.01
        ],
        "Democratic Republic of the Congo": [
            40,
            0.01
        ],
        "Russia": [
            40,
            0.01
        ],
        "Panama": [
            40,
            0.01
        ],
        "Canada": [
            40,
            0.01
        ],
        "Vietnam": [
            36,
            0.01
        ],
        "Iraq": [
            36,
            0.01
        ],
        "Colombia": [
            36,
            0.01
        ],
        "Japan": [
            34,
            0.01
        ],
        "Pakistan": [
            34,
            0.01
        ],
        "Ukraine": [
            32,
            0.0
        ],
        "Malaysia": [
            32,
            0.0
        ],
        "Romania": [
            28,
            0.0
        ],
        "Austria": [
            28,
            0.0
        ],
        "South Korea": [
            26,
            0.0
        ],
        "Peru": [
            24,
            0.0
        ],
        "Sweden": [
            24,
            0.0
        ],
        "Myanmar (Burma)": [
            24,
            0.0
        ],
        "Chile": [
            22,
            0.0
        ],
        "Ireland": [
            20,
            0.0
        ],
        "Poland": [
            20,
            0.0
        ],
        "Bangladesh": [
            20,
            0.0
        ],
        "Kazakhstan": [
            18,
            0.0
        ],
        "Angola": [
            18,
            0.0
        ],
        "Algeria": [
            16,
            0.0
        ],
        "Singapore": [
            16,
            0.0
        ],
        "Cameroon": [
            16,
            0.0
        ],
        "Czech Republic": [
            14,
            0.0
        ],
        "Senegal": [
            14,
            0.0
        ],
        "Ghana": [
            14,
            0.0
        ],
        "Venezuela": [
            14,
            0.0
        ],
        "Mozambique": [
            12,
            0.0
        ],
        "Sudan": [
            12,
            0.0
        ],
        "Belarus": [
            12,
            0.0
        ],
        "Denmark": [
            12,
            0.0
        ],
        "Israel": [
            12,
            0.0
        ],
        "Bulgaria": [
            12,
            0.0
        ],
        "Tanzania": [
            12,
            0.0
        ],
        "Portugal": [
            10,
            0.0
        ],
        "Switzerland": [
            10,
            0.0
        ],
        "Zambia": [
            10,
            0.0
        ],
        "Kenya": [
            10,
            0.0
        ],
        "Belgium": [
            10,
            0.0
        ],
        "Haiti": [
            8,
            0.0
        ],
        "Finland": [
            8,
            0.0
        ],
        "Afghanistan": [
            8,
            0.0
        ],
        "Uzbekistan": [
            8,
            0.0
        ],
        "Moldova": [
            8,
            0.0
        ],
        "Syria": [
            6,
            0.0
        ],
        "Norway": [
            6,
            0.0
        ],
        "Somalia": [
            6,
            0.0
        ],
        "Yemen": [
            6,
            0.0
        ],
        "Jamaica": [
            6,
            0.0
        ],
        "Uganda": [
            6,
            0.0
        ],
        "Rwanda": [
            6,
            0.0
        ],
        "Ecuador": [
            6,
            0.0
        ],
        "Madagascar": [
            6,
            0.0
        ],
        "Hong Kong": [
            4,
            0.0
        ],
        "Zimbabwe": [
            4,
            0.0
        ],
        "Bolivia": [
            4,
            0.0
        ],
        "Azerbaijan": [
            4,
            0.0
        ],
        "Togo": [
            4,
            0.0
        ],
        "C\u00f4te-d'Ivoire": [
            4,
            0.0
        ],
        "Mali": [
            4,
            0.0
        ],
        "Mongolia": [
            4,
            0.0
        ],
        "Trinidad and Tobago": [
            4,
            0.0
        ],
        "Libya": [
            4,
            0.0
        ],
        "Niger": [
            4,
            0.0
        ],
        "Nepal": [
            4,
            0.0
        ],
        "Cambodia": [
            4,
            0.0
        ],
        "Albania": [
            4,
            0.0
        ],
        "Bosnia and Herzegovina": [
            4,
            0.0
        ],
        "Cote d'Ivoire": [
            4,
            0.0
        ],
        "Guinea-Bissau": [
            4,
            0.0
        ],
        "Lithuania": [
            4,
            0.0
        ],
        "Guadeloupe": [
            2,
            0.0
        ],
        "Paraguay": [
            2,
            0.0
        ],
        "Benin": [
            2,
            0.0
        ],
        "Turkmenistan": [
            2,
            0.0
        ],
        "Papua New Guinea": [
            2,
            0.0
        ],
        "United Arab Emirates": [
            2,
            0.0
        ],
        "Costa Rica": [
            2,
            0.0
        ],
        "Croatia": [
            2,
            0.0
        ],
        "Tajikistan": [
            2,
            0.0
        ],
        "Central African Republic": [
            2,
            0.0
        ],
        "Lesotho": [
            2,
            0.0
        ],
        "Estonia": [
            2,
            0.0
        ],
        "Georgia": [
            2,
            0.0
        ],
        "Uruguay": [
            2,
            0.0
        ],
        "Hungary": [
            2,
            0.0
        ],
        "Qatar": [
            2,
            0.0
        ],
        "Kyrgyzstan": [
            2,
            0.0
        ],
        "Barbados": [
            2,
            0.0
        ],
        "Sierra Leone": [
            2,
            0.0
        ],
        "South Sudan": [
            2,
            0.0
        ],
        "Greece": [
            1,
            0.0
        ],
        "Luxembourg": [
            1,
            0.0
        ]
    },
    "country_quantity": {
        "Afghanistan": 5.0,
        "Albania": 2.5,
        "Algeria": 2.38,
        "Angola": 3.11,
        "Argentina": 4.05,
        "Australia": 3.87,
        "Austria": 4.43,
        "Azerbaijan": 1.0,
        "Bangladesh": 4.7,
        "Barbados": 8.0,
        "Belarus": 3.17,
        "Belgium": 7.8,
        "Benin": 10.0,
        "Bolivia": 5.5,
        "Bosnia and Herzegovina": 4.0,
        "Brazil": 4.19,
        "Bulgaria": 2.33,
        "Cambodia": 4.5,
        "Cameroon": 1.38,
        "Canada": 2.3,
        "Central African Republic": 1.0,
        "Chile": 3.27,
        "China": 3.51,
        "Colombia": 3.0,
        "Costa Rica": 4.5,
        "Cote d'Ivoire": 3.0,
        "Croatia": 2.0,
        "Cuba": 3.66,
        "Czech Republic": 1.86,
        "C\u00f4te-d'Ivoire": 3.0,
        "Democratic Republic of the Congo": 2.9,
        "Denmark": 4.0,
        "Dominican Republic": 4.05,
        "Ecuador": 5.67,
        "Egypt": 2.15,
        "El Salvador": 3.5,
        "Estonia": 2.0,
        "Finland": 2.75,
        "France": 3.59,
        "Georgia": 1.0,
        "Germany": 4.16,
        "Ghana": 2.0,
        "Greece": 7.0,
        "Guadeloupe": 5.0,
        "Guatemala": 3.76,
        "Guinea-Bissau": 1.0,
        "Haiti": 4.0,
        "Honduras": 3.23,
        "Hong Kong": 1.5,
        "Hungary": 6.0,
        "India": 3.92,
        "Indonesia": 3.57,
        "Iran": 2.34,
        "Iraq": 1.39,
        "Ireland": 4.0,
        "Israel": 1.67,
        "Italy": 3.48,
        "Jamaica": 3.67,
        "Japan": 5.24,
        "Kazakhstan": 1.78,
        "Kenya": 1.0,
        "Kyrgyzstan": 4.0,
        "Lesotho": 4.0,
        "Libya": 2.5,
        "Lithuania": 3.5,
        "Luxembourg": 1.0,
        "Madagascar": 1.33,
        "Malaysia": 4.25,
        "Mali": 1.5,
        "Mexico": 3.85,
        "Moldova": 1.25,
        "Mongolia": 3.0,
        "Morocco": 2.73,
        "Mozambique": 3.5,
        "Myanmar (Burma)": 3.0,
        "Nepal": 5.5,
        "Netherlands": 3.17,
        "New Zealand": 3.5,
        "Nicaragua": 3.78,
        "Niger": 2.5,
        "Nigeria": 2.15,
        "Norway": 4.33,
        "Pakistan": 4.29,
        "Panama": 3.4,
        "Papua New Guinea": 2.0,
        "Paraguay": 9.0,
        "Peru": 3.75,
        "Philippines": 3.9,
        "Poland": 1.7,
        "Portugal": 5.2,
        "Qatar": 4.0,
        "Romania": 2.86,
        "Russia": 2.7,
        "Rwanda": 1.0,
        "Saudi Arabia": 2.44,
        "Senegal": 2.57,
        "Sierra Leone": 2.0,
        "Singapore": 4.12,
        "Somalia": 2.67,
        "South Africa": 2.57,
        "South Korea": 4.23,
        "South Sudan": 4.0,
        "Spain": 4.0,
        "Sudan": 1.83,
        "Sweden": 3.25,
        "Switzerland": 3.2,
        "Syria": 2.33,
        "Tajikistan": 12.0,
        "Tanzania": 1.5,
        "Thailand": 3.36,
        "Togo": 1.0,
        "Trinidad and Tobago": 3.5,
        "Turkey": 2.74,
        "Turkmenistan": 6.0,
        "Uganda": 1.33,
        "Ukraine": 1.81,
        "United Arab Emirates": 4.0,
        "United Kingdom": 3.68,
        "United States": 3.7,
        "Uruguay": 1.0,
        "Uzbekistan": 5.0,
        "Venezuela": 3.29,
        "Vietnam": 3.78,
        "Yemen": 2.33,
        "Zambia": 1.8,
        "Zimbabwe": 1.5
    },
    "country_sales": {
        "Afghanistan": 732.68,
        "Albania": 367.99,
        "Algeria": 338.2,
        "Angola": 571.19,
        "Argentina": 375.95,
        "Australia": 584.51,
        "Austria": 511.37,
        "Azerbaijan": 139.6,
        "Bangladesh": 1332.8,
        "Barbados": 429.6,
        "Belarus": 453.75,
        "Belgium": 1004.92,
        "Benin": 1377.9,
        "Bolivia": 539.12,
        "Bosnia and Herzegovina": 458.61,
        "Brazil": 445.19,
        "Bulgaria": 594.71,
        "Cambodia": 515.37,
        "Cameroon": 142.72,
        "Canada": 504.28,
        "Central African Republic": 176.22,
        "Chile": 379.73,
        "China": 826.36,
        "Colombia": 261.13,
        "Costa Rica": 222.56,
        "Cote d'Ivoire": 1362.86,
        "Croatia": 273.18,
        "Cuba": 440.86,
        "Czech Republic": 321.36,
        "C\u00f4te-d'Ivoire": 1362.86,
        "Democratic Republic of the Congo": 950.67,
        "Denmark": 220.93,
        "Dominican Republic": 386.05,
        "Ecuador": 334.93,
        "Egypt": 433.87,
        "El Salvador": 475.74,
        "Estonia": 1302.78,
        "Finland": 506.06,
        "France": 580.41,
        "Georgia": 73.2,
        "Germany": 826.55,
        "Ghana": 583.3,
        "Greece": 728.53,
        "Guadeloupe": 243.5,
        "Guatemala": 637.45,
        "Guinea-Bissau": 638.18,
        "Haiti": 146.81,
        "Honduras": 243.09,
        "Hong Kong": 110.92,
        "Hungary": 446.4,
        "India": 879.22,
        "Indonesia": 601.72,
        "Iran": 495.54,
        "Iraq": 296.68,
        "Ireland": 286.79,
        "Israel": 395.93,
        "Italy": 380.59,
        "Jamaica": 182.69,
        "Japan": 1092.01,
        "Kazakhstan": 71.97,
        "Kenya": 347.0,
        "Kyrgyzstan": 493.56,
        "Lesotho": 2544.6,
        "Libya": 209.62,
        "Lithuania": 611.37,
        "Luxembourg": 66.51,
        "Madagascar": 183.14,
        "Malaysia": 728.6,
        "Mali": 684.08,
        "Mexico": 607.9,
        "Moldova": 132.05,
        "Mongolia": 299.76,
        "Morocco": 458.87,
        "Mozambique": 674.56,
        "Myanmar (Burma)": 420.09,
        "Nepal": 515.38,
        "Netherlands": 255.71,
        "New Zealand": 613.72,
        "Nicaragua": 528.58,
        "Niger": 570.08,
        "Nigeria": 100.06,
        "Norway": 531.93,
        "Pakistan": 635.18,
        "Panama": 259.03,
        "Papua New Guinea": 80.46,
        "Paraguay": 820.08,
        "Peru": 185.61,
        "Philippines": 622.58,
        "Poland": 220.99,
        "Portugal": 543.71,
        "Qatar": 2575.92,
        "Romania": 457.28,
        "Russia": 565.4,
        "Rwanda": 170.88,
        "Saudi Arabia": 718.34,
        "Senegal": 1088.09,
        "Sierra Leone": 339.18,
        "Singapore": 534.3,
        "Somalia": 1325.09,
        "South Africa": 498.68,
        "South Korea": 365.82,
        "South Sudan": 667.32,
        "Spain": 739.84,
        "Sudan": 236.12,
        "Sweden": 143.94,
        "Switzerland": 316.22,
        "Syria": 679.44,
        "Tajikistan": 235.33,
        "Tanzania": 409.99,
        "Thailand": 1053.72,
        "Togo": 65.9,
        "Trinidad and Tobago": 405.53,
        "Turkey": 209.1,
        "Turkmenistan": 131.6,
        "Uganda": 48.57,
        "Ukraine": 404.5,
        "United Arab Emirates": 95.8,
        "United Kingdom": 834.94,
        "United States": 371.21,
        "Uruguay": 426.04,
        "Uzbekistan": 489.63,
        "Venezuela": 424.91,
        "Vietnam": 478.59,
        "Yemen": 67.65,
        "Zambia": 426.65,
        "Zimbabwe": 61.86
    },
    "country_unit_price": {
        "Afghanistan": 146.54,
        "Albania": 147.2,
        "Algeria": 142.4,
        "Angola": 183.6,
        "Argentina": 92.88,
        "Australia": 151.12,
        "Austria": 115.47,
        "Azerbaijan": 139.6,
        "Bangladesh": 283.57,
        "Barbados": 53.7,
        "Belarus": 143.29,
        "Belgium": 128.84,
        "Benin": 137.79,
        "Bolivia": 98.02,
        "Bosnia and Herzegovina": 114.65,
        "Brazil": 106.3,
        "Bulgaria": 254.87,
        "Cambodia": 114.53,
        "Cameroon": 103.8,
        "Canada": 219.25,
        "Central African Republic": 176.22,
        "Chile": 116.03,
        "China": 235.4,
        "Colombia": 87.04,
        "Costa Rica": 49.46,
        "Cote d'Ivoire": 454.29,
        "Croatia": 136.59,
        "Cuba": 120.45,
        "Czech Republic": 173.04,
        "C\u00f4te-d'Ivoire": 454.29,
        "Democratic Republic of the Congo": 327.82,
        "Denmark": 55.23,
        "Dominican Republic": 95.38,
        "Ecuador": 59.1,
        "Egypt": 201.44,
        "El Salvador": 135.93,
        "Estonia": 651.39,
        "Finland": 184.02,
        "France": 161.52,
        "Georgia": 73.2,
        "Germany": 198.59,
        "Ghana": 291.65,
        "Greece": 104.08,
        "Guadeloupe": 48.7,
        "Guatemala": 169.39,
        "Guinea-Bissau": 638.18,
        "Haiti": 36.7,
        "Honduras": 75.17,
        "Hong Kong": 73.95,
        "Hungary": 74.4,
        "India": 224.52,
        "Indonesia": 168.75,
        "Iran": 211.58,
        "Iraq": 213.61,
        "Ireland": 71.7,
        "Israel": 237.56,
        "Italy": 109.34,
        "Jamaica": 49.82,
        "Japan": 208.59,
        "Kazakhstan": 40.48,
        "Kenya": 347.0,
        "Kyrgyzstan": 123.39,
        "Lesotho": 636.15,
        "Libya": 83.85,
        "Lithuania": 174.68,
        "Luxembourg": 66.51,
        "Madagascar": 137.36,
        "Malaysia": 171.43,
        "Mali": 456.05,
        "Mexico": 157.78,
        "Moldova": 105.64,
        "Mongolia": 99.92,
        "Morocco": 168.25,
        "Mozambique": 192.73,
        "Myanmar (Burma)": 140.03,
        "Nepal": 93.71,
        "Netherlands": 80.57,
        "New Zealand": 175.35,
        "Nicaragua": 139.82,
        "Niger": 228.03,
        "Nigeria": 46.6,
        "Norway": 122.75,
        "Pakistan": 147.92,
        "Panama": 76.18,
        "Papua New Guinea": 40.23,
        "Paraguay": 91.12,
        "Peru": 49.5,
        "Philippines": 159.64,
        "Poland": 129.99,
        "Portugal": 104.56,
        "Qatar": 643.98,
        "Romania": 160.05,
        "Russia": 209.41,
        "Rwanda": 170.88,
        "Saudi Arabia": 293.86,
        "Senegal": 423.15,
        "Sierra Leone": 169.59,
        "Singapore": 129.53,
        "Somalia": 496.91,
        "South Africa": 194.29,
        "South Korea": 86.47,
        "South Sudan": 166.83,
        "Spain": 184.96,
        "Sudan": 128.8,
        "Sweden": 44.29,
        "Switzerland": 98.82,
        "Syria": 291.19,
        "Tajikistan": 19.61,
        "Tanzania": 273.32,
        "Thailand": 313.27,
        "Togo": 65.9,
        "Trinidad and Tobago": 115.87,
        "Turkey": 76.2,
        "Turkmenistan": 21.93,
        "Uganda": 36.43,
        "Ukraine": 223.17,
        "United Arab Emirates": 23.95,
        "United Kingdom": 227.04,
        "United States": 100.34,
        "Uruguay": 426.04,
        "Uzbekistan": 97.93,
        "Venezuela": 129.32,
        "Vietnam": 126.69,
        "Yemen": 28.99,
        "Zambia": 237.03,
        "Zimbabwe": 41.24
    },
    "country_profit": {
        "Afghanistan": 47.43,
        "Albania": 12.43,
        "Algeria": 40.85,
        "Angola": 53.99,
        "Argentina": -15.34,
        "Australia": 25.42,
        "Austria": 26.68,
        "Azerbaijan": 40.16,
        "Bangladesh": 81.89,
        "Barbados": 22.0,
        "Belarus": 50.64,
        "Belgium": 37.53,
        "Benin": 28.92,
        "Bolivia": 21.47,
        "Bosnia and Herzegovina": 45.86,
        "Brazil": -1.12,
        "Bulgaria": 64.95,
        "Cambodia": 20.69,
        "Cameroon": 23.11,
        "Canada": 58.26,
        "Central African Republic": 45.81,
        "Chile": 21.02,
        "China": 58.91,
        "Colombia": 18.31,
        "Costa Rica": 19.32,
        "Cote d'Ivoire": 128.4,
        "Croatia": 38.22,
        "Cuba": 24.53,
        "Czech Republic": 49.16,
        "C\u00f4te-d'Ivoire": 128.4,
        "Democratic Republic of the Congo": 106.44,
        "Denmark": -21.64,
        "Dominican Republic": 2.93,
        "Ecuador": 14.89,
        "Egypt": 40.31,
        "El Salvador": 29.04,
        "Estonia": 143.28,
        "Finland": 45.63,
        "France": 13.97,
        "Georgia": 30.72,
        "Germany": 37.39,
        "Ghana": 63.69,
        "Greece": -19.1,
        "Guadeloupe": 15.08,
        "Guatemala": 32.5,
        "Guinea-Bissau": 57.4,
        "Haiti": -12.2,
        "Honduras": -28.65,
        "Hong Kong": 25.34,
        "Hungary": 1.47,
        "India": 49.96,
        "Indonesia": 19.57,
        "Iran": 50.22,
        "Iraq": 57.85,
        "Ireland": -20.83,
        "Israel": 29.31,
        "Italy": -35.98,
        "Jamaica": 18.14,
        "Japan": 73.38,
        "Kazakhstan": -59.8,
        "Kenya": 93.76,
        "Kyrgyzstan": 49.35,
        "Lesotho": 203.55,
        "Libya": 3.35,
        "Lithuania": -180.65,
        "Luxembourg": 19.26,
        "Madagascar": 31.48,
        "Malaysia": 43.56,
        "Mali": 38.78,
        "Mexico": 29.72,
        "Moldova": 24.39,
        "Mongolia": 21.17,
        "Morocco": 55.18,
        "Mozambique": 56.06,
        "Myanmar (Burma)": 1.38,
        "Nepal": 11.36,
        "Netherlands": -42.16,
        "New Zealand": 31.5,
        "Nicaragua": 27.44,
        "Niger": 84.05,
        "Nigeria": -71.22,
        "Norway": 28.84,
        "Pakistan": -69.78,
        "Panama": -27.96,
        "Papua New Guinea": -20.94,
        "Paraguay": 10.92,
        "Peru": -7.88,
        "Philippines": 0.76,
        "Poland": 26.01,
        "Portugal": -60.57,
        "Qatar": 193.17,
        "Romania": 31.31,
        "Russia": 60.71,
        "Rwanda": 28.23,
        "Saudi Arabia": 69.86,
        "Senegal": 132.37,
        "Sierra Leone": 33.9,
        "Singapore": 34.91,
        "Somalia": 38.0,
        "South Africa": 49.67,
        "South Korea": -57.88,
        "South Sudan": 4.98,
        "Spain": 22.39,
        "Sudan": 26.82,
        "Sweden": -17.99,
        "Switzerland": 25.54,
        "Syria": 7.68,
        "Tajikistan": -20.92,
        "Tanzania": 60.77,
        "Thailand": 32.81,
        "Togo": 22.14,
        "Trinidad and Tobago": 52.11,
        "Turkey": -74.07,
        "Turkmenistan": -42.42,
        "Uganda": -60.94,
        "Ukraine": 51.27,
        "United Arab Emirates": -39.14,
        "United Kingdom": 48.53,
        "United States": 13.53,
        "Uruguay": 174.66,
        "Uzbekistan": 23.97,
        "Venezuela": -40.65,
        "Vietnam": 18.42,
        "Yemen": -45.12,
        "Zambia": 75.36,
        "Zimbabwe": -72.4
    },
    "country_profit_margin": {
        "Afghanistan": 0.32,
        "Albania": 0.08,
        "Algeria": 0.29,
        "Angola": 0.29,
        "Argentina": -0.17,
        "Australia": 0.17,
        "Austria": 0.23,
        "Azerbaijan": 0.29,
        "Bangladesh": 0.29,
        "Barbados": 0.41,
        "Belarus": 0.35,
        "Belgium": 0.29,
        "Benin": 0.21,
        "Bolivia": 0.22,
        "Bosnia and Herzegovina": 0.4,
        "Brazil": -0.01,
        "Bulgaria": 0.25,
        "Cambodia": 0.18,
        "Cameroon": 0.22,
        "Canada": 0.27,
        "Central African Republic": 0.26,
        "Chile": 0.18,
        "China": 0.25,
        "Colombia": 0.21,
        "Costa Rica": 0.39,
        "Cote d'Ivoire": 0.28,
        "Croatia": 0.28,
        "Cuba": 0.2,
        "Czech Republic": 0.28,
        "C\u00f4te-d'Ivoire": 0.28,
        "Democratic Republic of the Congo": 0.32,
        "Denmark": -0.39,
        "Dominican Republic": 0.03,
        "Ecuador": 0.25,
        "Egypt": 0.2,
        "El Salvador": 0.21,
        "Estonia": 0.22,
        "Finland": 0.25,
        "France": 0.09,
        "Georgia": 0.42,
        "Germany": 0.19,
        "Ghana": 0.22,
        "Greece": -0.18,
        "Guadeloupe": 0.31,
        "Guatemala": 0.19,
        "Guinea-Bissau": 0.09,
        "Haiti": -0.33,
        "Honduras": -0.38,
        "Hong Kong": 0.34,
        "Hungary": 0.02,
        "India": 0.22,
        "Indonesia": 0.12,
        "Iran": 0.24,
        "Iraq": 0.27,
        "Ireland": -0.29,
        "Israel": 0.12,
        "Italy": -0.33,
        "Jamaica": 0.36,
        "Japan": 0.35,
        "Kazakhstan": -1.48,
        "Kenya": 0.27,
        "Kyrgyzstan": 0.4,
        "Lesotho": 0.32,
        "Libya": 0.04,
        "Lithuania": -1.03,
        "Luxembourg": 0.29,
        "Madagascar": 0.23,
        "Malaysia": 0.25,
        "Mali": 0.09,
        "Mexico": 0.19,
        "Moldova": 0.23,
        "Mongolia": 0.21,
        "Morocco": 0.33,
        "Mozambique": 0.29,
        "Myanmar (Burma)": 0.01,
        "Nepal": 0.12,
        "Netherlands": -0.52,
        "New Zealand": 0.18,
        "Nicaragua": 0.2,
        "Niger": 0.37,
        "Nigeria": -1.53,
        "Norway": 0.23,
        "Pakistan": -0.47,
        "Panama": -0.37,
        "Papua New Guinea": -0.52,
        "Paraguay": 0.12,
        "Peru": -0.16,
        "Philippines": 0.0,
        "Poland": 0.2,
        "Portugal": -0.58,
        "Qatar": 0.3,
        "Romania": 0.2,
        "Russia": 0.29,
        "Rwanda": 0.17,
        "Saudi Arabia": 0.24,
        "Senegal": 0.31,
        "Sierra Leone": 0.2,
        "Singapore": 0.27,
        "Somalia": 0.08,
        "South Africa": 0.26,
        "South Korea": -0.67,
        "South Sudan": 0.03,
        "Spain": 0.12,
        "Sudan": 0.21,
        "Sweden": -0.41,
        "Switzerland": 0.26,
        "Syria": 0.03,
        "Tajikistan": -1.07,
        "Tanzania": 0.22,
        "Thailand": 0.1,
        "Togo": 0.34,
        "Trinidad and Tobago": 0.45,
        "Turkey": -0.97,
        "Turkmenistan": -1.93,
        "Uganda": -1.67,
        "Ukraine": 0.23,
        "United Arab Emirates": -1.63,
        "United Kingdom": 0.21,
        "United States": 0.13,
        "Uruguay": 0.41,
        "Uzbekistan": 0.24,
        "Venezuela": -0.31,
        "Vietnam": 0.15,
        "Yemen": -1.56,
        "Zambia": 0.32,
        "Zimbabwe": -1.76
    },
    "top_10_states": {
        "California": [
            344,
            0.05
        ],
        "New York": [
            218,
            0.03
        ],
        "England": [
            168,
            0.03
        ],
        "Texas": [
            160,
            0.02
        ],
        "Pennsylvania": [
            124,
            0.02
        ],
        "Ile-de-France": [
            108,
            0.02
        ],
        "Queensland": [
            104,
            0.02
        ],
        "Ohio": [
            94,
            0.01
        ],
        "North Rhine-Westphalia": [
            88,
            0.01
        ],
        "New South Wales": [
            88,
            0.01
        ]
    },
    "top_10_states_values": [
        344,
        218,
        168,
        160,
        124,
        108,
        104,
        94,
        88,
        88
    ],
    "top_10_cities": {
        "New York City": [
            178,
            0.03
        ],
        "Los Angeles": [
            148,
            0.02
        ],
        "Philadelphia": [
            116,
            0.02
        ],
        "San Francisco": [
            70,
            0.01
        ],
        "Houston": [
            64,
            0.01
        ],
        "Lagos": [
            64,
            0.01
        ],
        "Chicago": [
            62,
            0.01
        ],
        "Manila": [
            60,
            0.01
        ],
        "Seattle": [
            58,
            0.01
        ],
        "Santo Domingo": [
            54,
            0.01
        ]
    },
    "top_10_cities_values": [
        178,
        148,
        116,
        70,
        64,
        64,
        62,
        60,
        58,
        54
    ],
    "product_performance": [
        {
            "Product ID": "TEC-PH-3148",
            "total_sales": 86935.7786,
            "total_quantity": 171,
            "average_price": 1704.6231098039216,
            "total_profit": 5921.5786,
            "profit_margin": 0.06811440232502847
        },
        {
            "Product ID": "TEC-PH-3806",
            "total_sales": 76441.5306,
            "total_quantity": 139,
            "average_price": 2011.6192263157893,
            "total_profit": 17238.5206,
            "profit_margin": 0.2255124990916914
        },
        {
            "Product ID": "TEC-PH-5268",
            "total_sales": 73156.303,
            "total_quantity": 134,
            "average_price": 1925.1658684210527,
            "total_profit": 17027.113,
            "profit_margin": 0.2327497741377117
        },
        {
            "Product ID": "TEC-PH-5355",
            "total_sales": 71904.5555,
            "total_quantity": 147,
            "average_price": 1529.8841595744682,
            "total_profit": 9938.1955,
            "profit_margin": 0.13821371164724047
        },
        {
            "Product ID": "TEC-PH-5839",
            "total_sales": 48653.46,
            "total_quantity": 108,
            "average_price": 1871.2869230769231,
            "total_profit": -198.09000000000015,
            "profit_margin": -0.004071447333858684
        },
        {
            "Product ID": "TEC-PH-5356",
            "total_sales": 47877.7857,
            "total_quantity": 96,
            "average_price": 1994.9077375,
            "total_profit": 9465.3257,
            "profit_margin": 0.19769764958031463
        },
        {
            "Product ID": "TEC-PH-5841",
            "total_sales": 45406.328,
            "total_quantity": 97,
            "average_price": 1974.1881739130436,
            "total_profit": 3903.8579999999997,
            "profit_margin": 0.08597607804797604
        },
        {
            "Product ID": "TEC-PH-3807",
            "total_sales": 43127.5008,
            "total_quantity": 85,
            "average_price": 1597.3148444444446,
            "total_profit": 9786.640800000001,
            "profit_margin": 0.22692343906930032
        },
        {
            "Product ID": "TEC-PH-3805",
            "total_sales": 41021.524,
            "total_quantity": 89,
            "average_price": 1519.3157037037035,
            "total_profit": 4020.8239999999996,
            "profit_margin": 0.09801742129327033
        },
        {
            "Product ID": "TEC-PH-5267",
            "total_sales": 38931.042,
            "total_quantity": 74,
            "average_price": 1692.654,
            "total_profit": -4447.0380000000005,
            "profit_margin": -0.11422858910377996
        },
        {
            "Product ID": "TEC-PH-5269",
            "total_sales": 30243.549,
            "total_quantity": 53,
            "average_price": 2326.426846153846,
            "total_profit": 3943.809,
            "profit_margin": 0.13040166020198227
        },
        {
            "Product ID": "TEC-PH-10004664",
            "total_sales": 30041.548200000005,
            "total_quantity": 52,
            "average_price": 3004.1548200000007,
            "total_profit": 5455.948199999998,
            "profit_margin": 0.18161341631520833
        },
        {
            "Product ID": "TEC-PH-3147",
            "total_sales": 27163.646999999997,
            "total_quantity": 52,
            "average_price": 1358.1823499999998,
            "total_profit": 5450.217,
            "profit_margin": 0.20064378689650916
        },
        {
            "Product ID": "TEC-PH-5842",
            "total_sales": 26311.164,
            "total_quantity": 50,
            "average_price": 1754.0776,
            "total_profit": 6392.614,
            "profit_margin": 0.24296203695131083
        },
        {
            "Product ID": "TEC-PH-5354",
            "total_sales": 25658.05,
            "total_quantity": 46,
            "average_price": 2138.170833333333,
            "total_profit": 5639.89,
            "profit_margin": 0.21980976730499788
        },
        {
            "Product ID": "TEC-PH-10004823",
            "total_sales": 22262.100000000002,
            "total_quantity": 39,
            "average_price": 2023.8272727272729,
            "total_profit": 8121.4800000000005,
            "profit_margin": 0.3648119449647607
        },
        {
            "Product ID": "TEC-PH-5840",
            "total_sales": 20993.024,
            "total_quantity": 43,
            "average_price": 1614.8480000000002,
            "total_profit": 1971.5240000000001,
            "profit_margin": 0.09391329233939807
        },
        {
            "Product ID": "TEC-PH-10001457",
            "total_sales": 18717.0,
            "total_quantity": 30,
            "average_price": 2339.625,
            "total_profit": 1695.3,
            "profit_margin": 0.09057541272639846
        },
        {
            "Product ID": "TEC-PH-10000303",
            "total_sales": 16796.736,
            "total_quantity": 31,
            "average_price": 2799.456,
            "total_profit": 5356.806,
            "profit_margin": 0.3189194614953762
        },
        {
            "Product ID": "TEC-PH-3149",
            "total_sales": 16754.023,
            "total_quantity": 38,
            "average_price": 1861.5581111111112,
            "total_profit": 3196.6229999999996,
            "profit_margin": 0.19079733864517193
        }
    ],
    "most_ordered_products_by_date": [
        {
            "Order Date": "2011-01-03",
            "Product Name": "Nokia Headset, VoIP",
            "total_sales": 195.2,
            "total_quantity": 4
        },
        {
            "Order Date": "2011-01-07",
            "Product Name": "Wireless Extenders zBoost YX545 SOHO Signal Booster",
            "total_sales": 755.96,
            "total_quantity": 4
        },
        {
            "Order Date": "2011-01-07",
            "Product Name": "GE 30524EE4",
            "total_sales": 391.98,
            "total_quantity": 2
        },
        {
            "Order Date": "2011-01-09",
            "Product Name": "Motorola Signal Booster, Full Size",
            "total_sales": 239.7372,
            "total_quantity": 2
        },
        {
            "Order Date": "2011-01-09",
            "Product Name": "Apple Headset, Full Size",
            "total_sales": 123.753,
            "total_quantity": 2
        },
        {
            "Order Date": "2011-01-10",
            "Product Name": "Nokia Smart Phone, with Caller ID",
            "total_sales": 2875.0950000000007,
            "total_quantity": 5
        },
        {
            "Order Date": "2011-01-11",
            "Product Name": "Apple Audio Dock, VoIP",
            "total_sales": 554.3736,
            "total_quantity": 4
        },
        {
            "Order Date": "2011-01-11",
            "Product Name": "Apple Headset, VoIP",
            "total_sales": 244.5,
            "total_quantity": 5
        },
        {
            "Order Date": "2011-01-14",
            "Product Name": "Apple Headset, with Caller ID",
            "total_sales": 439.56,
            "total_quantity": 6
        },
        {
            "Order Date": "2011-01-17",
            "Product Name": "AT&T 841000 Phone",
            "total_sales": 124.2,
            "total_quantity": 3
        },
        {
            "Order Date": "2011-01-21",
            "Product Name": "Apple iPhone 5C",
            "total_sales": 699.93,
            "total_quantity": 7
        },
        {
            "Order Date": "2011-01-21",
            "Product Name": "Cisco Signal Booster, with Caller ID",
            "total_sales": 404.88,
            "total_quantity": 4
        },
        {
            "Order Date": "2011-01-21",
            "Product Name": "Apple Signal Booster, VoIP",
            "total_sales": 182.32,
            "total_quantity": 2
        },
        {
            "Order Date": "2011-01-22",
            "Product Name": "Samsung Headset, Cordless",
            "total_sales": 64.6425,
            "total_quantity": 1
        },
        {
            "Order Date": "2011-01-24",
            "Product Name": "Cisco Smart Phone, Full Size",
            "total_sales": 1302.78,
            "total_quantity": 2
        },
        {
            "Order Date": "2011-01-27",
            "Product Name": "Jabra SPEAK 410",
            "total_sales": 187.98,
            "total_quantity": 2
        },
        {
            "Order Date": "2011-01-27",
            "Product Name": "Macally Suction Cup Mount",
            "total_sales": 155.35,
            "total_quantity": 13
        },
        {
            "Order Date": "2011-01-30",
            "Product Name": "Apple Signal Booster, Cordless",
            "total_sales": 41.850000000000016,
            "total_quantity": 1
        },
        {
            "Order Date": "2011-01-31",
            "Product Name": "Motorola Smart Phone, Cordless",
            "total_sales": 2571.12,
            "total_quantity": 4
        },
        {
            "Order Date": "2011-02-02",
            "Product Name": "Cisco Smart Phone, Full Size",
            "total_sales": 587.412,
            "total_quantity": 1
        }
    ],
    "most_frequent_order_month": [
        {
            "Order Month": "2014-11",
            "Order Count": 232
        },
        {
            "Order Month": "2014-12",
            "Order Count": 227
        },
        {
            "Order Month": "2014-06",
            "Order Count": 177
        },
        {
            "Order Month": "2014-08",
            "Order Count": 174
        },
        {
            "Order Month": "2014-10",
            "Order Count": 163
        },
        {
            "Order Month": "2014-09",
            "Order Count": 162
        },
        {
            "Order Month": "2017-11",
            "Order Count": 153
        },
        {
            "Order Month": "2017-12",
            "Order Count": 130
        },
        {
            "Order Month": "2014-05",
            "Order Count": 121
        },
        {
            "Order Month": "2017-08",
            "Order Count": 117
        },
        {
            "Order Month": "2017-06",
            "Order Count": 115
        },
        {
            "Order Month": "2017-09",
            "Order Count": 115
        },
        {
            "Order Month": "2016-09",
            "Order Count": 112
        },
        {
            "Order Month": "2013-09",
            "Order Count": 112
        },
        {
            "Order Month": "2014-07",
            "Order Count": 112
        },
        {
            "Order Month": "2013-11",
            "Order Count": 109
        },
        {
            "Order Month": "2016-11",
            "Order Count": 109
        },
        {
            "Order Month": "2016-06",
            "Order Count": 108
        },
        {
            "Order Month": "2013-06",
            "Order Count": 108
        },
        {
            "Order Month": "2014-04",
            "Order Count": 107
        }
    ],
    "time_series_analysis": [
        {
            "Order Date": "2011-01",
            "total_sales": 11555.2113,
            "total_quantity": 73
        },
        {
            "Order Date": "2011-02",
            "total_sales": 17676.6313,
            "total_quantity": 117
        },
        {
            "Order Date": "2011-03",
            "total_sales": 17988.7184,
            "total_quantity": 120
        },
        {
            "Order Date": "2011-04",
            "total_sales": 21690.955,
            "total_quantity": 186
        },
        {
            "Order Date": "2011-05",
            "total_sales": 22838.7614,
            "total_quantity": 178
        },
        {
            "Order Date": "2011-06",
            "total_sales": 29692.7538,
            "total_quantity": 216
        },
        {
            "Order Date": "2011-07",
            "total_sales": 16562.1398,
            "total_quantity": 128
        },
        {
            "Order Date": "2011-08",
            "total_sales": 37769.431000000004,
            "total_quantity": 219
        },
        {
            "Order Date": "2011-09",
            "total_sales": 24177.252500000002,
            "total_quantity": 157
        },
        {
            "Order Date": "2011-10",
            "total_sales": 33344.6682,
            "total_quantity": 195
        },
        {
            "Order Date": "2011-11",
            "total_sales": 53538.253000000004,
            "total_quantity": 311
        },
        {
            "Order Date": "2011-12",
            "total_sales": 50447.7045,
            "total_quantity": 344
        },
        {
            "Order Date": "2012-01",
            "total_sales": 13289.5573,
            "total_quantity": 113
        },
        {
            "Order Date": "2012-02",
            "total_sales": 16410.7955,
            "total_quantity": 100
        },
        {
            "Order Date": "2012-03",
            "total_sales": 17745.0968,
            "total_quantity": 172
        },
        {
            "Order Date": "2012-04",
            "total_sales": 20527.9231,
            "total_quantity": 188
        },
        {
            "Order Date": "2012-05",
            "total_sales": 28339.3106,
            "total_quantity": 204
        },
        {
            "Order Date": "2012-06",
            "total_sales": 36168.8338,
            "total_quantity": 234
        },
        {
            "Order Date": "2012-07",
            "total_sales": 21231.518,
            "total_quantity": 164
        },
        {
            "Order Date": "2012-08",
            "total_sales": 47645.9862,
            "total_quantity": 248
        },
        {
            "Order Date": "2012-09",
            "total_sales": 47240.4252,
            "total_quantity": 327
        },
        {
            "Order Date": "2012-10",
            "total_sales": 47434.1195,
            "total_quantity": 289
        },
        {
            "Order Date": "2012-11",
            "total_sales": 27542.448,
            "total_quantity": 255
        },
        {
            "Order Date": "2012-12",
            "total_sales": 40440.2604,
            "total_quantity": 251
        },
        {
            "Order Date": "2013-01",
            "total_sales": 22833.8002,
            "total_quantity": 155
        },
        {
            "Order Date": "2013-02",
            "total_sales": 12681.138,
            "total_quantity": 113
        },
        {
            "Order Date": "2013-03",
            "total_sales": 25919.9735,
            "total_quantity": 174
        },
        {
            "Order Date": "2013-04",
            "total_sales": 21216.4521,
            "total_quantity": 161
        },
        {
            "Order Date": "2013-05",
            "total_sales": 31438.0971,
            "total_quantity": 211
        },
        {
            "Order Date": "2013-06",
            "total_sales": 68753.0891,
            "total_quantity": 374
        },
        {
            "Order Date": "2013-07",
            "total_sales": 36866.1741,
            "total_quantity": 248
        },
        {
            "Order Date": "2013-08",
            "total_sales": 45621.83,
            "total_quantity": 316
        },
        {
            "Order Date": "2013-09",
            "total_sales": 52443.5383,
            "total_quantity": 418
        },
        {
            "Order Date": "2013-10",
            "total_sales": 35587.8341,
            "total_quantity": 240
        },
        {
            "Order Date": "2013-11",
            "total_sales": 49258.1367,
            "total_quantity": 376
        },
        {
            "Order Date": "2013-12",
            "total_sales": 50898.9413,
            "total_quantity": 359
        },
        {
            "Order Date": "2014-01",
            "total_sales": 39201.994399999996,
            "total_quantity": 261
        },
        {
            "Order Date": "2014-02",
            "total_sales": 41879.2915,
            "total_quantity": 310
        },
        {
            "Order Date": "2014-03",
            "total_sales": 42557.0093,
            "total_quantity": 335
        },
        {
            "Order Date": "2014-04",
            "total_sales": 51483.1467,
            "total_quantity": 405
        },
        {
            "Order Date": "2014-05",
            "total_sales": 55992.8144,
            "total_quantity": 454
        },
        {
            "Order Date": "2014-06",
            "total_sales": 82720.5454,
            "total_quantity": 603
        },
        {
            "Order Date": "2014-07",
            "total_sales": 54637.4125,
            "total_quantity": 397
        },
        {
            "Order Date": "2014-08",
            "total_sales": 112456.3123,
            "total_quantity": 633
        },
        {
            "Order Date": "2014-09",
            "total_sales": 72961.78910000001,
            "total_quantity": 491
        },
        {
            "Order Date": "2014-10",
            "total_sales": 84712.2649,
            "total_quantity": 623
        },
        {
            "Order Date": "2014-11",
            "total_sales": 128775.0607,
            "total_quantity": 863
        },
        {
            "Order Date": "2014-12",
            "total_sales": 121911.2191,
            "total_quantity": 805
        },
        {
            "Order Date": "2015-01",
            "total_sales": 14035.4668,
            "total_quantity": 121
        },
        {
            "Order Date": "2015-02",
            "total_sales": 15664.886,
            "total_quantity": 92
        },
        {
            "Order Date": "2015-03",
            "total_sales": 17745.0968,
            "total_quantity": 172
        },
        {
            "Order Date": "2015-04",
            "total_sales": 20527.9231,
            "total_quantity": 188
        },
        {
            "Order Date": "2015-05",
            "total_sales": 28339.3106,
            "total_quantity": 204
        },
        {
            "Order Date": "2015-06",
            "total_sales": 36168.8338,
            "total_quantity": 234
        },
        {
            "Order Date": "2015-07",
            "total_sales": 21231.518,
            "total_quantity": 164
        },
        {
            "Order Date": "2015-08",
            "total_sales": 47645.9862,
            "total_quantity": 248
        },
        {
            "Order Date": "2015-09",
            "total_sales": 47240.4252,
            "total_quantity": 327
        },
        {
            "Order Date": "2015-10",
            "total_sales": 47434.1195,
            "total_quantity": 289
        },
        {
            "Order Date": "2015-11",
            "total_sales": 27542.448,
            "total_quantity": 255
        },
        {
            "Order Date": "2015-12",
            "total_sales": 40440.2604,
            "total_quantity": 251
        },
        {
            "Order Date": "2016-01",
            "total_sales": 22833.8002,
            "total_quantity": 155
        },
        {
            "Order Date": "2016-02",
            "total_sales": 12681.138,
            "total_quantity": 113
        },
        {
            "Order Date": "2016-03",
            "total_sales": 25919.9735,
            "total_quantity": 174
        },
        {
            "Order Date": "2016-04",
            "total_sales": 21216.4521,
            "total_quantity": 161
        },
        {
            "Order Date": "2016-05",
            "total_sales": 31438.0971,
            "total_quantity": 211
        },
        {
            "Order Date": "2016-06",
            "total_sales": 68753.0891,
            "total_quantity": 374
        },
        {
            "Order Date": "2016-07",
            "total_sales": 36866.1741,
            "total_quantity": 248
        },
        {
            "Order Date": "2016-08",
            "total_sales": 45621.83,
            "total_quantity": 316
        },
        {
            "Order Date": "2016-09",
            "total_sales": 52443.5383,
            "total_quantity": 418
        },
        {
            "Order Date": "2016-10",
            "total_sales": 35587.8341,
            "total_quantity": 240
        },
        {
            "Order Date": "2016-11",
            "total_sales": 49258.1367,
            "total_quantity": 376
        },
        {
            "Order Date": "2016-12",
            "total_sales": 50898.9413,
            "total_quantity": 359
        },
        {
            "Order Date": "2017-01",
            "total_sales": 27646.7831,
            "total_quantity": 188
        },
        {
            "Order Date": "2017-02",
            "total_sales": 23611.6482,
            "total_quantity": 185
        },
        {
            "Order Date": "2017-03",
            "total_sales": 24524.0229,
            "total_quantity": 215
        },
        {
            "Order Date": "2017-04",
            "total_sales": 30427.471700000002,
            "total_quantity": 227
        },
        {
            "Order Date": "2017-05",
            "total_sales": 31837.76,
            "total_quantity": 265
        },
        {
            "Order Date": "2017-06",
            "total_sales": 53768.164600000004,
            "total_quantity": 396
        },
        {
            "Order Date": "2017-07",
            "total_sales": 38651.1927,
            "total_quantity": 271
        },
        {
            "Order Date": "2017-08",
            "total_sales": 73448.7813,
            "total_quantity": 407
        },
        {
            "Order Date": "2017-09",
            "total_sales": 50022.6366,
            "total_quantity": 341
        },
        {
            "Order Date": "2017-10",
            "total_sales": 48198.3767,
            "total_quantity": 411
        },
        {
            "Order Date": "2017-11",
            "total_sales": 77973.3357,
            "total_quantity": 561
        },
        {
            "Order Date": "2017-12",
            "total_sales": 71896.2066,
            "total_quantity": 469
        }
    ],
    "customer_segmentation": [
        {
            "Customer ID": "FH-14365",
            "total_spent": 11324.03,
            "purchase_frequency": 4,
            "average_order_value": 2264.806
        },
        {
            "Customer ID": "PO-18850",
            "total_spent": 9631.36,
            "purchase_frequency": 9,
            "average_order_value": 963.1360000000001
        },
        {
            "Customer ID": "MG-18145",
            "total_spent": 9296.336000000001,
            "purchase_frequency": 6,
            "average_order_value": 1328.0480000000002
        },
        {
            "Customer ID": "FH-1436582",
            "total_spent": 8999.06,
            "purchase_frequency": 2,
            "average_order_value": 2999.6866666666665
        },
        {
            "Customer ID": "CA-11965",
            "total_spent": 8901.531,
            "purchase_frequency": 4,
            "average_order_value": 2225.38275
        },
        {
            "Customer ID": "BH-11710",
            "total_spent": 8174.72,
            "purchase_frequency": 9,
            "average_order_value": 817.472
        },
        {
            "Customer ID": "JB-16000",
            "total_spent": 8040.9912,
            "purchase_frequency": 4,
            "average_order_value": 2010.2478
        },
        {
            "Customer ID": "JH-15820",
            "total_spent": 7824.450000000001,
            "purchase_frequency": 5,
            "average_order_value": 1304.075
        },
        {
            "Customer ID": "JM-15865",
            "total_spent": 7777.696,
            "purchase_frequency": 6,
            "average_order_value": 1296.2826666666667
        },
        {
            "Customer ID": "BF-11005",
            "total_spent": 7568.295,
            "purchase_frequency": 5,
            "average_order_value": 1081.185
        },
        {
            "Customer ID": "EM-14200",
            "total_spent": 7511.6738000000005,
            "purchase_frequency": 5,
            "average_order_value": 1251.9456333333335
        },
        {
            "Customer ID": "JK-15730",
            "total_spent": 7484.7149,
            "purchase_frequency": 5,
            "average_order_value": 1496.94298
        },
        {
            "Customer ID": "MS-17980",
            "total_spent": 7469.52,
            "purchase_frequency": 5,
            "average_order_value": 1493.904
        },
        {
            "Customer ID": "GT-14710",
            "total_spent": 7450.241000000001,
            "purchase_frequency": 6,
            "average_order_value": 1064.320142857143
        },
        {
            "Customer ID": "SP-20920",
            "total_spent": 7266.823800000002,
            "purchase_frequency": 4,
            "average_order_value": 1211.1373000000003
        },
        {
            "Customer ID": "CR-12730",
            "total_spent": 7218.286000000001,
            "purchase_frequency": 7,
            "average_order_value": 902.2857500000001
        },
        {
            "Customer ID": "EH-14125",
            "total_spent": 7107.159,
            "purchase_frequency": 5,
            "average_order_value": 1421.4317999999998
        },
        {
            "Customer ID": "JL-15835",
            "total_spent": 7101.066,
            "purchase_frequency": 2,
            "average_order_value": 3550.533
        },
        {
            "Customer ID": "MS-17365",
            "total_spent": 7091.414,
            "purchase_frequency": 5,
            "average_order_value": 1418.2828
        },
        {
            "Customer ID": "CA-1196566",
            "total_spent": 6998.64,
            "purchase_frequency": 1,
            "average_order_value": 6998.64
        }
    ],
    "discount_analysis": [
        {
            "Discount": 0.0,
            "total_sales": 2000815.02,
            "total_quantity": 11650,
            "average_profit": 142.23330331557136
        },
        {
            "Discount": 0.1,
            "total_sales": 292723.47000000003,
            "total_quantity": 1690,
            "average_profit": 126.38592857142856
        },
        {
            "Discount": 0.15,
            "total_sales": 173346.858,
            "total_quantity": 1070,
            "average_profit": 73.97114189189189
        },
        {
            "Discount": 0.17,
            "total_sales": 165136.2024,
            "total_quantity": 898,
            "average_profit": 70.571259375
        },
        {
            "Discount": 0.2,
            "total_sales": 376008.43200000003,
            "total_quantity": 3886,
            "average_profit": 33.336654990215266
        },
        {
            "Discount": 0.25,
            "total_sales": 49806.18,
            "total_quantity": 312,
            "average_profit": 2.9722499999999954
        },
        {
            "Discount": 0.4,
            "total_sales": 205500.408,
            "total_quantity": 2322,
            "average_profit": -80.02678957055215
        },
        {
            "Discount": 0.5,
            "total_sales": 75725.61,
            "total_quantity": 794,
            "average_profit": -185.57548543689322
        },
        {
            "Discount": 0.6,
            "total_sales": 48785.336,
            "total_quantity": 664,
            "average_profit": -235.82049523809525
        },
        {
            "Discount": 0.65,
            "total_sales": 6581.316,
            "total_quantity": 44,
            "average_profit": -452.5474285714286
        },
        {
            "Discount": 0.7,
            "total_sales": 19219.446,
            "total_quantity": 410,
            "average_profit": -156.20963333333333
        }
    ],
    "geographic_distribution": [
        {
            "State": "New York",
            "City": "New York City",
            "total_sales": 75918.26,
            "total_quantity": 638
        },
        {
            "State": "California",
            "City": "Los Angeles",
            "total_sales": 59006.064,
            "total_quantity": 594
        },
        {
            "State": "Bangkok",
            "City": "Bangkok",
            "total_sales": 46363.5012,
            "total_quantity": 148
        },
        {
            "State": "Pennsylvania",
            "City": "Philadelphia",
            "total_sales": 38864.364,
            "total_quantity": 452
        },
        {
            "State": "Distrito Federal",
            "City": "Mexico City",
            "total_sales": 37697.44,
            "total_quantity": 152
        },
        {
            "State": "England",
            "City": "London",
            "total_sales": 29840.238,
            "total_quantity": 112
        },
        {
            "State": "Managua",
            "City": "Managua",
            "total_sales": 29210.64,
            "total_quantity": 196
        },
        {
            "State": "Queensland",
            "City": "Brisbane",
            "total_sales": 27302.184,
            "total_quantity": 106
        },
        {
            "State": "California",
            "City": "San Francisco",
            "total_sales": 26635.056,
            "total_quantity": 278
        },
        {
            "State": "Western Australia",
            "City": "Perth",
            "total_sales": 26211.276,
            "total_quantity": 86
        },
        {
            "State": "Hamburg",
            "City": "Hamburg",
            "total_sales": 25861.74,
            "total_quantity": 106
        },
        {
            "State": "Santo Domingo",
            "City": "Santo Domingo",
            "total_sales": 24696.640000000003,
            "total_quantity": 216
        },
        {
            "State": "Illinois",
            "City": "Chicago",
            "total_sales": 23985.088,
            "total_quantity": 202
        },
        {
            "State": "New South Wales",
            "City": "Sydney",
            "total_sales": 23984.478,
            "total_quantity": 154
        },
        {
            "State": "Texas",
            "City": "Houston",
            "total_sales": 22831.440000000002,
            "total_quantity": 272
        },
        {
            "State": "Puebla",
            "City": "Puebla",
            "total_sales": 22826.52,
            "total_quantity": 80
        },
        {
            "State": "Berlin",
            "City": "Berlin",
            "total_sales": 19800.558,
            "total_quantity": 116
        },
        {
            "State": "Jakarta",
            "City": "Jakarta",
            "total_sales": 19681.2588,
            "total_quantity": 144
        },
        {
            "State": "Guatemala",
            "City": "Mixco",
            "total_sales": 19233.64,
            "total_quantity": 64
        },
        {
            "State": "Queensland",
            "City": "Gold Coast",
            "total_sales": 18863.388,
            "total_quantity": 88
        }
    ]
}