{
    "segment_distribution": {
        "Consumer": [
            3532,
            0.51
        ],
        "Corporate": [
            2064,
            0.3
        ],
        "Home Office": [
            1272,
            0.19
        ]
    },
    "segment_quantity": {
        "Consumer": 3.58,
        "Corporate": 3.59,
        "Home Office": 3.63
    },
    "segment_unit_price": {
        "Consumer": 123.18,
        "Corporate": 121.03,
        "Home Office": 118.91
    },
    "segment_profit": {
        "Consumer": 11.5,
        "Corporate": 12.24,
        "Home Office": 9.67
    },
    "segment_discount": {
        "Consumer": 0.17,
        "Corporate": 0.16,
        "Home Office": 0.16
    },
    "country_distribution": {
        "United States": [
            1234,
            0.18
        ],
        "Mexico": [
            519,
            0.08
        ],
        "Australia": [
            502,
            0.07
        ],
        "China": [
            336,
            0.05
        ],
        "France": [
            304,
            0.04
        ],
        "Brazil": [
            279,
            0.04
        ],
        "India": [
            278,
            0.04
        ],
        "Germany": [
            196,
            0.03
        ],
        "Indonesia": [
            196,
            0.03
        ],
        "Dominican Republic": [
            154,
            0.02
        ],
        "Philippines": [
            150,
            0.02
        ],
        "Turkey": [
            146,
            0.02
        ],
        "Honduras": [
            146,
            0.02
        ],
        "El Salvador": [
            140,
            0.02
        ],
        "Cuba": [
            120,
            0.02
        ],
        "New Zealand": [
            114,
            0.02
        ],
        "United Kingdom": [
            114,
            0.02
        ],
        "Italy": [
            88,
            0.01
        ],
        "Nicaragua": [
            86,
            0.01
        ],
        "Nigeria": [
            82,
            0.01
        ],
        "Argentina": [
            76,
            0.01
        ],
        "Guatemala": [
            68,
            0.01
        ],
        "Spain": [
            66,
            0.01
        ],
        "Panama": [
            64,
            0.01
        ],
        "Japan": [
            60,
            0.01
        ],
        "Iran": [
            58,
            0.01
        ],
        "Colombia": [
            52,
            0.01
        ],
        "South Africa": [
            48,
            0.01
        ],
        "Vietnam": [
            46,
            0.01
        ],
        "Morocco": [
            46,
            0.01
        ],
        "Iraq": [
            46,
            0.01
        ],
        "Pakistan": [
            46,
            0.01
        ],
        "Netherlands": [
            44,
            0.01
        ],
        "Thailand": [
            42,
            0.01
        ],
        "Ukraine": [
            40,
            0.01
        ],
        "Egypt": [
            40,
            0.01
        ],
        "Chile": [
            38,
            0.01
        ],
        "Myanmar (Burma)": [
            38,
            0.01
        ],
        "Austria": [
            38,
            0.01
        ],
        "Malaysia": [
            36,
            0.01
        ],
        "Saudi Arabia": [
            35,
            0.01
        ],
        "Peru": [
            34,
            0.0
        ],
        "Poland": [
            26,
            0.0
        ],
        "Sweden": [
            24,
            0.0
        ],
        "Singapore": [
            24,
            0.0
        ],
        "Haiti": [
            24,
            0.0
        ],
        "Canada": [
            24,
            0.0
        ],
        "Bangladesh": [
            24,
            0.0
        ],
        "Russia": [
            20,
            0.0
        ],
        "Romania": [
            20,
            0.0
        ],
        "South Korea": [
            18,
            0.0
        ],
        "Venezuela": [
            18,
            0.0
        ],
        "Democratic Republic of the Congo": [
            16,
            0.0
        ],
        "Belgium": [
            16,
            0.0
        ],
        "Finland": [
            14,
            0.0
        ],
        "Algeria": [
            12,
            0.0
        ],
        "Bolivia": [
            12,
            0.0
        ],
        "Zambia": [
            12,
            0.0
        ],
        "Ireland": [
            12,
            0.0
        ],
        "Switzerland": [
            10,
            0.0
        ],
        "Belarus": [
            10,
            0.0
        ],
        "Uruguay": [
            10,
            0.0
        ],
        "Israel": [
            10,
            0.0
        ],
        "Sudan": [
            10,
            0.0
        ],
        "Mozambique": [
            10,
            0.0
        ],
        "Ecuador": [
            8,
            0.0
        ],
        "Kazakhstan": [
            8,
            0.0
        ],
        "Tanzania": [
            8,
            0.0
        ],
        "Jamaica": [
            8,
            0.0
        ],
        "Togo": [
            8,
            0.0
        ],
        "Cameroon": [
            8,
            0.0
        ],
        "Bulgaria": [
            8,
            0.0
        ],
        "Angola": [
            8,
            0.0
        ],
        "Papua New Guinea": [
            8,
            0.0
        ],
        "Cambodia": [
            8,
            0.0
        ],
        "Denmark": [
            8,
            0.0
        ],
        "Czech Republic": [
            8,
            0.0
        ],
        "Uzbekistan": [
            6,
            0.0
        ],
        "Somalia": [
            6,
            0.0
        ],
        "Guadeloupe": [
            6,
            0.0
        ],
        "Ghana": [
            6,
            0.0
        ],
        "Lebanon": [
            6,
            0.0
        ],
        "Nepal": [
            6,
            0.0
        ],
        "Kenya": [
            6,
            0.0
        ],
        "Estonia": [
            4,
            0.0
        ],
        "Lithuania": [
            4,
            0.0
        ],
        "Zimbabwe": [
            4,
            0.0
        ],
        "Taiwan": [
            4,
            0.0
        ],
        "Libya": [
            4,
            0.0
        ],
        "Uganda": [
            4,
            0.0
        ],
        "Yemen": [
            4,
            0.0
        ],
        "C\u00f4te-d'Ivoire": [
            4,
            0.0
        ],
        "Senegal": [
            4,
            0.0
        ],
        "Mali": [
            4,
            0.0
        ],
        "Azerbaijan": [
            4,
            0.0
        ],
        "Afghanistan": [
            4,
            0.0
        ],
        "Madagascar": [
            4,
            0.0
        ],
        "Martinique": [
            4,
            0.0
        ],
        "Cote d'Ivoire": [
            4,
            0.0
        ],
        "Qatar": [
            4,
            0.0
        ],
        "Portugal": [
            4,
            0.0
        ],
        "Mongolia": [
            4,
            0.0
        ],
        "Norway": [
            4,
            0.0
        ],
        "Hungary": [
            2,
            0.0
        ],
        "Niger": [
            2,
            0.0
        ],
        "Barbados": [
            2,
            0.0
        ],
        "Trinidad and Tobago": [
            2,
            0.0
        ],
        "Georgia": [
            2,
            0.0
        ],
        "Croatia": [
            2,
            0.0
        ],
        "Armenia": [
            2,
            0.0
        ],
        "Sri Lanka": [
            2,
            0.0
        ],
        "Republic of the Congo": [
            2,
            0.0
        ],
        "Macedonia": [
            2,
            0.0
        ],
        "Turkmenistan": [
            2,
            0.0
        ],
        "Kyrgyzstan": [
            2,
            0.0
        ],
        "Moldova": [
            2,
            0.0
        ],
        "Gabon": [
            2,
            0.0
        ],
        "Djibouti": [
            2,
            0.0
        ],
        "Costa Rica": [
            1,
            0.0
        ],
        "Guyana": [
            1,
            0.0
        ],
        "Kuwait": [
            1,
            0.0
        ]
    },
    "country_quantity": {
        "Afghanistan": 6.5,
        "Algeria": 2.17,
        "Angola": 1.75,
        "Argentina": 4.37,
        "Armenia": 1.0,
        "Australia": 3.68,
        "Austria": 3.0,
        "Azerbaijan": 1.0,
        "Bangladesh": 4.0,
        "Barbados": 2.0,
        "Belarus": 2.2,
        "Belgium": 4.12,
        "Bolivia": 3.17,
        "Brazil": 4.2,
        "Bulgaria": 1.25,
        "Cambodia": 4.0,
        "Cameroon": 1.0,
        "Canada": 2.0,
        "Chile": 5.11,
        "China": 3.69,
        "Colombia": 3.88,
        "Costa Rica": 1.0,
        "Cote d'Ivoire": 2.75,
        "Croatia": 1.0,
        "Cuba": 3.77,
        "Czech Republic": 1.0,
        "C\u00f4te-d'Ivoire": 2.75,
        "Democratic Republic of the Congo": 3.25,
        "Denmark": 2.5,
        "Djibouti": 6.0,
        "Dominican Republic": 3.68,
        "Ecuador": 2.75,
        "Egypt": 2.8,
        "El Salvador": 3.4,
        "Estonia": 1.0,
        "Finland": 3.29,
        "France": 4.21,
        "Gabon": 4.0,
        "Georgia": 1.0,
        "Germany": 3.78,
        "Ghana": 1.33,
        "Guadeloupe": 2.0,
        "Guatemala": 3.65,
        "Guyana": 3.0,
        "Haiti": 3.25,
        "Honduras": 3.56,
        "Hungary": 1.0,
        "India": 3.53,
        "Indonesia": 3.57,
        "Iran": 1.79,
        "Iraq": 2.0,
        "Ireland": 4.33,
        "Israel": 1.2,
        "Italy": 3.57,
        "Jamaica": 4.0,
        "Japan": 3.6,
        "Kazakhstan": 2.75,
        "Kenya": 2.67,
        "Kuwait": 6.0,
        "Kyrgyzstan": 4.0,
        "Lebanon": 1.0,
        "Libya": 1.5,
        "Lithuania": 1.0,
        "Macedonia": 2.0,
        "Madagascar": 1.5,
        "Malaysia": 3.94,
        "Mali": 5.0,
        "Martinique": 4.0,
        "Mexico": 3.77,
        "Moldova": 2.0,
        "Mongolia": 4.0,
        "Morocco": 1.7,
        "Mozambique": 3.2,
        "Myanmar (Burma)": 4.32,
        "Nepal": 3.0,
        "Netherlands": 4.68,
        "New Zealand": 3.18,
        "Nicaragua": 3.16,
        "Niger": 6.0,
        "Nigeria": 2.49,
        "Norway": 8.0,
        "Pakistan": 4.17,
        "Panama": 4.34,
        "Papua New Guinea": 3.75,
        "Peru": 3.53,
        "Philippines": 4.24,
        "Poland": 2.77,
        "Portugal": 4.5,
        "Qatar": 4.5,
        "Republic of the Congo": 1.0,
        "Romania": 1.9,
        "Russia": 3.2,
        "Saudi Arabia": 2.11,
        "Senegal": 2.0,
        "Singapore": 3.33,
        "Somalia": 1.0,
        "South Africa": 2.46,
        "South Korea": 4.44,
        "Spain": 3.0,
        "Sri Lanka": 6.0,
        "Sudan": 2.0,
        "Sweden": 4.67,
        "Switzerland": 3.2,
        "Taiwan": 7.0,
        "Tanzania": 1.0,
        "Thailand": 3.19,
        "Togo": 1.5,
        "Trinidad and Tobago": 1.0,
        "Turkey": 2.51,
        "Turkmenistan": 6.0,
        "Uganda": 1.0,
        "Ukraine": 3.05,
        "United Kingdom": 3.68,
        "United States": 3.82,
        "Uruguay": 4.2,
        "Uzbekistan": 1.33,
        "Venezuela": 2.89,
        "Vietnam": 3.74,
        "Yemen": 1.0,
        "Zambia": 2.5,
        "Zimbabwe": 7.5
    },
    "country_sales": {
        "Afghanistan": 665.88,
        "Algeria": 224.98,
        "Angola": 245.74,
        "Argentina": 292.15,
        "Armenia": 94.2,
        "Australia": 567.61,
        "Austria": 483.76,
        "Azerbaijan": 251.05,
        "Bangladesh": 731.86,
        "Barbados": 77.24,
        "Belarus": 641.56,
        "Belgium": 477.24,
        "Bolivia": 139.11,
        "Brazil": 394.94,
        "Bulgaria": 160.99,
        "Cambodia": 430.76,
        "Cameroon": 208.47,
        "Canada": 266.95,
        "Chile": 492.44,
        "China": 647.81,
        "Colombia": 375.95,
        "Costa Rica": 48.91,
        "Cote d'Ivoire": 570.82,
        "Croatia": 51.93,
        "Cuba": 312.45,
        "Czech Republic": 308.14,
        "C\u00f4te-d'Ivoire": 570.82,
        "Democratic Republic of the Congo": 812.17,
        "Denmark": 284.19,
        "Djibouti": 332.64,
        "Dominican Republic": 289.39,
        "Ecuador": 213.27,
        "Egypt": 302.81,
        "El Salvador": 383.35,
        "Estonia": 94.72,
        "Finland": 695.73,
        "France": 602.07,
        "Gabon": 338.88,
        "Georgia": 74.49,
        "Germany": 508.36,
        "Ghana": 256.64,
        "Guadeloupe": 132.45,
        "Guatemala": 425.68,
        "Guyana": 106.02,
        "Haiti": 190.91,
        "Honduras": 187.15,
        "Hungary": 57.78,
        "India": 495.5,
        "Indonesia": 384.23,
        "Iran": 248.82,
        "Iraq": 292.91,
        "Ireland": 194.5,
        "Israel": 217.75,
        "Italy": 183.37,
        "Jamaica": 182.8,
        "Japan": 495.48,
        "Kazakhstan": 101.36,
        "Kenya": 189.67,
        "Kuwait": 1094.22,
        "Kyrgyzstan": 598.32,
        "Lebanon": 466.81,
        "Libya": 120.46,
        "Lithuania": 139.89,
        "Macedonia": 98.88,
        "Madagascar": 256.7,
        "Malaysia": 719.9,
        "Mali": 1486.47,
        "Martinique": 313.94,
        "Mexico": 325.12,
        "Moldova": 111.06,
        "Mongolia": 311.55,
        "Morocco": 239.71,
        "Mozambique": 597.86,
        "Myanmar (Burma)": 465.66,
        "Nepal": 215.77,
        "Netherlands": 428.3,
        "New Zealand": 453.25,
        "Nicaragua": 298.14,
        "Niger": 602.28,
        "Nigeria": 162.71,
        "Norway": 1179.6,
        "Pakistan": 460.47,
        "Panama": 293.5,
        "Papua New Guinea": 494.44,
        "Peru": 188.36,
        "Philippines": 541.25,
        "Poland": 339.04,
        "Portugal": 256.94,
        "Qatar": 301.41,
        "Republic of the Congo": 166.14,
        "Romania": 323.96,
        "Russia": 466.82,
        "Saudi Arabia": 318.34,
        "Senegal": 219.09,
        "Singapore": 291.05,
        "Somalia": 197.85,
        "South Africa": 425.6,
        "South Korea": 471.0,
        "Spain": 456.16,
        "Sri Lanka": 445.5,
        "Sudan": 321.12,
        "Sweden": 231.7,
        "Switzerland": 724.21,
        "Taiwan": 701.08,
        "Tanzania": 106.89,
        "Thailand": 291.86,
        "Togo": 138.32,
        "Trinidad and Tobago": 32.96,
        "Turkey": 198.77,
        "Turkmenistan": 294.57,
        "Uganda": 35.31,
        "Ukraine": 488.6,
        "United Kingdom": 471.46,
        "United States": 532.33,
        "Uruguay": 825.98,
        "Uzbekistan": 103.14,
        "Venezuela": 117.65,
        "Vietnam": 490.52,
        "Yemen": 26.77,
        "Zambia": 295.84,
        "Zimbabwe": 338.44
    },
    "country_unit_price": {
        "Afghanistan": 102.44,
        "Algeria": 103.83,
        "Angola": 140.43,
        "Argentina": 66.88,
        "Armenia": 94.2,
        "Australia": 154.36,
        "Austria": 161.25,
        "Azerbaijan": 251.05,
        "Bangladesh": 182.96,
        "Barbados": 38.62,
        "Belarus": 291.62,
        "Belgium": 115.7,
        "Bolivia": 43.93,
        "Brazil": 94.1,
        "Bulgaria": 128.79,
        "Cambodia": 107.69,
        "Cameroon": 208.47,
        "Canada": 133.47,
        "Chile": 96.46,
        "China": 175.53,
        "Colombia": 96.78,
        "Costa Rica": 48.91,
        "Cote d'Ivoire": 207.57,
        "Croatia": 51.93,
        "Cuba": 82.95,
        "Czech Republic": 308.14,
        "C\u00f4te-d'Ivoire": 207.57,
        "Democratic Republic of the Congo": 249.9,
        "Denmark": 113.68,
        "Djibouti": 55.44,
        "Dominican Republic": 78.74,
        "Ecuador": 77.55,
        "Egypt": 108.15,
        "El Salvador": 112.75,
        "Estonia": 94.72,
        "Finland": 211.74,
        "France": 142.99,
        "Gabon": 84.72,
        "Georgia": 74.49,
        "Germany": 134.65,
        "Ghana": 192.48,
        "Guadeloupe": 66.22,
        "Guatemala": 116.72,
        "Guyana": 35.34,
        "Haiti": 58.74,
        "Honduras": 52.55,
        "Hungary": 57.78,
        "India": 140.27,
        "Indonesia": 107.58,
        "Iran": 138.76,
        "Iraq": 146.45,
        "Ireland": 44.89,
        "Israel": 181.46,
        "Italy": 51.39,
        "Jamaica": 45.7,
        "Japan": 137.63,
        "Kazakhstan": 36.86,
        "Kenya": 71.13,
        "Kuwait": 182.37,
        "Kyrgyzstan": 149.58,
        "Lebanon": 466.81,
        "Libya": 80.31,
        "Lithuania": 139.89,
        "Macedonia": 49.44,
        "Madagascar": 171.13,
        "Malaysia": 182.51,
        "Mali": 297.29,
        "Martinique": 78.48,
        "Mexico": 86.31,
        "Moldova": 55.53,
        "Mongolia": 77.89,
        "Morocco": 141.37,
        "Mozambique": 186.83,
        "Myanmar (Burma)": 107.9,
        "Nepal": 71.92,
        "Netherlands": 91.48,
        "New Zealand": 142.74,
        "Nicaragua": 94.27,
        "Niger": 100.38,
        "Nigeria": 65.4,
        "Norway": 147.45,
        "Pakistan": 110.32,
        "Panama": 67.57,
        "Papua New Guinea": 131.85,
        "Peru": 53.37,
        "Philippines": 127.65,
        "Poland": 122.43,
        "Portugal": 57.1,
        "Qatar": 66.98,
        "Republic of the Congo": 166.14,
        "Romania": 170.5,
        "Russia": 145.88,
        "Saudi Arabia": 150.56,
        "Senegal": 109.54,
        "Singapore": 87.32,
        "Somalia": 197.85,
        "South Africa": 173.13,
        "South Korea": 105.98,
        "Spain": 152.05,
        "Sri Lanka": 74.25,
        "Sudan": 160.56,
        "Sweden": 49.65,
        "Switzerland": 226.32,
        "Taiwan": 100.16,
        "Tanzania": 106.89,
        "Thailand": 91.48,
        "Togo": 92.21,
        "Trinidad and Tobago": 32.96,
        "Turkey": 79.29,
        "Turkmenistan": 49.1,
        "Uganda": 35.31,
        "Ukraine": 160.2,
        "United Kingdom": 127.97,
        "United States": 139.41,
        "Uruguay": 196.66,
        "Uzbekistan": 77.35,
        "Venezuela": 40.73,
        "Vietnam": 131.19,
        "Yemen": 26.77,
        "Zambia": 118.34,
        "Zimbabwe": 45.13
    },
    "country_profit": {
        "Afghanistan": 30.96,
        "Algeria": 17.14,
        "Angola": 40.28,
        "Argentina": -17.14,
        "Armenia": 45.21,
        "Australia": 13.8,
        "Austria": 45.53,
        "Azerbaijan": 27.84,
        "Bangladesh": 40.45,
        "Barbados": 15.82,
        "Belarus": 81.2,
        "Belgium": 20.39,
        "Bolivia": 8.3,
        "Brazil": 14.64,
        "Bulgaria": 35.63,
        "Cambodia": 26.03,
        "Cameroon": 72.1,
        "Canada": 35.7,
        "Chile": 14.74,
        "China": 36.63,
        "Colombia": 22.74,
        "Costa Rica": -5.51,
        "Cote d'Ivoire": 70.57,
        "Croatia": 9.33,
        "Cuba": 21.28,
        "Czech Republic": 114.14,
        "C\u00f4te-d'Ivoire": 70.57,
        "Democratic Republic of the Congo": 79.14,
        "Denmark": -41.05,
        "Djibouti": 11.07,
        "Dominican Republic": 2.05,
        "Ecuador": 12.23,
        "Egypt": 27.39,
        "El Salvador": 33.19,
        "Estonia": 40.38,
        "Finland": 16.27,
        "France": 22.74,
        "Gabon": 11.85,
        "Georgia": 28.29,
        "Germany": 23.08,
        "Ghana": 32.05,
        "Guadeloupe": 23.1,
        "Guatemala": 26.36,
        "Guyana": 2.12,
        "Haiti": -11.91,
        "Honduras": -13.29,
        "Hungary": 12.69,
        "India": 28.32,
        "Indonesia": -2.56,
        "Iran": 37.91,
        "Iraq": 32.33,
        "Ireland": -25.03,
        "Israel": 58.86,
        "Italy": -40.51,
        "Jamaica": 7.4,
        "Japan": 31.37,
        "Kazakhstan": -71.29,
        "Kenya": 14.14,
        "Kuwait": 52.86,
        "Kyrgyzstan": 47.85,
        "Lebanon": 163.21,
        "Libya": 29.19,
        "Lithuania": -208.69,
        "Macedonia": 3.45,
        "Madagascar": 25.64,
        "Malaysia": 26.6,
        "Mali": 104.98,
        "Martinique": 24.58,
        "Mexico": 5.34,
        "Moldova": 7.77,
        "Mongolia": 9.08,
        "Morocco": 44.07,
        "Mozambique": 75.67,
        "Myanmar (Burma)": -7.35,
        "Nepal": 21.15,
        "Netherlands": -51.59,
        "New Zealand": 12.1,
        "Nicaragua": 23.22,
        "Niger": 34.11,
        "Nigeria": -81.03,
        "Norway": 27.65,
        "Pakistan": 10.34,
        "Panama": -18.64,
        "Papua New Guinea": 6.95,
        "Peru": -13.63,
        "Philippines": 3.99,
        "Poland": 31.3,
        "Portugal": -13.19,
        "Qatar": 25.56,
        "Republic of the Congo": 21.57,
        "Romania": 17.71,
        "Russia": 25.82,
        "Saudi Arabia": 31.5,
        "Senegal": 11.78,
        "Singapore": 28.51,
        "Somalia": 5.1,
        "South Africa": 29.65,
        "South Korea": 1.66,
        "Spain": -7.08,
        "Sri Lanka": 0.72,
        "Sudan": 15.28,
        "Sweden": -15.67,
        "Switzerland": 84.32,
        "Taiwan": 24.52,
        "Tanzania": 18.95,
        "Thailand": -1.93,
        "Togo": 17.0,
        "Trinidad and Tobago": 6.58,
        "Turkey": -67.68,
        "Turkmenistan": -90.01,
        "Uganda": -53.31,
        "Ukraine": 51.6,
        "United Kingdom": 27.98,
        "United States": 11.29,
        "Uruguay": 51.02,
        "Uzbekistan": 21.65,
        "Venezuela": -5.06,
        "Vietnam": 1.67,
        "Yemen": -43.45,
        "Zambia": 18.09,
        "Zimbabwe": -76.23
    },
    "country_profit_margin": {
        "Afghanistan": 0.3,
        "Algeria": 0.17,
        "Angola": 0.29,
        "Argentina": -0.26,
        "Armenia": 0.48,
        "Australia": 0.09,
        "Austria": 0.28,
        "Azerbaijan": 0.11,
        "Bangladesh": 0.22,
        "Barbados": 0.41,
        "Belarus": 0.28,
        "Belgium": 0.18,
        "Bolivia": 0.19,
        "Brazil": 0.16,
        "Bulgaria": 0.28,
        "Cambodia": 0.24,
        "Cameroon": 0.35,
        "Canada": 0.27,
        "Chile": 0.15,
        "China": 0.21,
        "Colombia": 0.23,
        "Costa Rica": -0.11,
        "Cote d'Ivoire": 0.34,
        "Croatia": 0.18,
        "Cuba": 0.26,
        "Czech Republic": 0.37,
        "C\u00f4te-d'Ivoire": 0.34,
        "Democratic Republic of the Congo": 0.32,
        "Denmark": -0.36,
        "Djibouti": 0.2,
        "Dominican Republic": 0.03,
        "Ecuador": 0.16,
        "Egypt": 0.25,
        "El Salvador": 0.29,
        "Estonia": 0.43,
        "Finland": 0.08,
        "France": 0.16,
        "Gabon": 0.14,
        "Georgia": 0.38,
        "Germany": 0.17,
        "Ghana": 0.17,
        "Guadeloupe": 0.35,
        "Guatemala": 0.23,
        "Guyana": 0.06,
        "Haiti": -0.2,
        "Honduras": -0.25,
        "Hungary": 0.22,
        "India": 0.2,
        "Indonesia": -0.02,
        "Iran": 0.27,
        "Iraq": 0.22,
        "Ireland": -0.56,
        "Israel": 0.32,
        "Italy": -0.79,
        "Jamaica": 0.16,
        "Japan": 0.23,
        "Kazakhstan": -1.93,
        "Kenya": 0.2,
        "Kuwait": 0.29,
        "Kyrgyzstan": 0.32,
        "Lebanon": 0.35,
        "Libya": 0.36,
        "Lithuania": -1.49,
        "Macedonia": 0.07,
        "Madagascar": 0.15,
        "Malaysia": 0.15,
        "Mali": 0.35,
        "Martinique": 0.31,
        "Mexico": 0.06,
        "Moldova": 0.14,
        "Mongolia": 0.12,
        "Morocco": 0.31,
        "Mozambique": 0.41,
        "Myanmar (Burma)": -0.07,
        "Nepal": 0.29,
        "Netherlands": -0.56,
        "New Zealand": 0.08,
        "Nicaragua": 0.25,
        "Niger": 0.34,
        "Nigeria": -1.24,
        "Norway": 0.19,
        "Pakistan": 0.09,
        "Panama": -0.28,
        "Papua New Guinea": 0.05,
        "Peru": -0.26,
        "Philippines": 0.03,
        "Poland": 0.26,
        "Portugal": -0.23,
        "Qatar": 0.38,
        "Republic of the Congo": 0.13,
        "Romania": 0.1,
        "Russia": 0.18,
        "Saudi Arabia": 0.21,
        "Senegal": 0.11,
        "Singapore": 0.33,
        "Somalia": 0.03,
        "South Africa": 0.17,
        "South Korea": 0.02,
        "Spain": -0.05,
        "Sri Lanka": 0.01,
        "Sudan": 0.1,
        "Sweden": -0.32,
        "Switzerland": 0.37,
        "Taiwan": 0.24,
        "Tanzania": 0.18,
        "Thailand": -0.02,
        "Togo": 0.18,
        "Trinidad and Tobago": 0.2,
        "Turkey": -0.85,
        "Turkmenistan": -1.83,
        "Uganda": -1.51,
        "Ukraine": 0.32,
        "United Kingdom": 0.22,
        "United States": 0.08,
        "Uruguay": 0.26,
        "Uzbekistan": 0.28,
        "Venezuela": -0.12,
        "Vietnam": 0.01,
        "Yemen": -1.62,
        "Zambia": 0.15,
        "Zimbabwe": -1.69
    },
    "top_10_states": {
        "California": [
            260,
            0.04
        ],
        "New York": [
            152,
            0.02
        ],
        "New South Wales": [
            140,
            0.02
        ],
        "Texas": [
            122,
            0.02
        ],
        "San Salvador": [
            116,
            0.02
        ],
        "Queensland": [
            116,
            0.02
        ],
        "England": [
            106,
            0.02
        ],
        "Santo Domingo": [
            102,
            0.01
        ],
        "Ile-de-France": [
            96,
            0.01
        ],
        "Victoria": [
            80,
            0.01
        ]
    },
    "top_10_states_values": [
        260,
        152,
        140,
        122,
        116,
        116,
        106,
        102,
        96,
        80
    ],
    "top_10_cities": {
        "New York City": [
            124,
            0.02
        ],
        "Santo Domingo": [
            102,
            0.01
        ],
        "Manila": [
            90,
            0.01
        ],
        "Los Angeles": [
            90,
            0.01
        ],
        "Tegucigalpa": [
            76,
            0.01
        ],
        "Mexico City": [
            70,
            0.01
        ],
        "Philadelphia": [
            62,
            0.01
        ],
        "Sydney": [
            60,
            0.01
        ],
        "Seattle": [
            60,
            0.01
        ],
        "Houston": [
            52,
            0.01
        ]
    },
    "top_10_cities_values": [
        124,
        102,
        90,
        90,
        76,
        70,
        62,
        60,
        60,
        52
    ],
    "yearly_sales": {
        "2011": 285730.97609999997,
        "2012": 295058.1396,
        "2013": 427514.3732,
        "2014": 779109.2514,
        "2015": 295058.1396,
        "2016": 427514.3732,
        "2017": 493378.2753
    },
    "monthly_trend": {
        "April": {
            "2011": 15181.8316,
            "2012": 15656.9148,
            "2013": 27261.942,
            "2014": 32714.9436,
            "2015": 15656.9148,
            "2016": 27261.942,
            "2017": 17600.72
        },
        "August": {
            "2011": 30551.809,
            "2012": 30408.672699999996,
            "2013": 39961.6585,
            "2014": 69841.7119,
            "2015": 30408.6727,
            "2016": 39961.6585,
            "2017": 41327.7069
        },
        "December": {
            "2011": 48337.0627,
            "2012": 35478.2524,
            "2013": 45801.8653,
            "2014": 111512.9069,
            "2015": 35478.2524,
            "2016": 45801.8653,
            "2017": 67816.9822
        },
        "February": {
            "2011": 10444.7625,
            "2012": 13512.0352,
            "2013": 17265.7275,
            "2014": 36116.4249,
            "2015": 13249.6008,
            "2016": 17265.7275,
            "2017": 22816.4794
        },
        "January": {
            "2011": 11289.9395,
            "2012": 11344.4433,
            "2013": 22676.8316,
            "2014": 44599.3975,
            "2015": 11606.877700000001,
            "2016": 22676.8316,
            "2017": 33309.458
        },
        "July": {
            "2011": 11602.628,
            "2012": 19191.9976,
            "2013": 33276.5656,
            "2014": 35929.9908,
            "2015": 19191.9976,
            "2016": 33276.5656,
            "2017": 21630.3808
        },
        "June": {
            "2011": 27237.0973,
            "2012": 23350.564000000002,
            "2013": 44944.9404,
            "2014": 69468.3016,
            "2015": 23350.564,
            "2016": 44944.9404,
            "2017": 45485.153
        },
        "March": {
            "2011": 21574.2488,
            "2012": 13052.1641,
            "2013": 30729.932099999998,
            "2014": 51712.5389,
            "2015": 13052.1641,
            "2016": 30729.9321,
            "2017": 32925.8651
        },
        "May": {
            "2011": 14676.140099999999,
            "2012": 21917.1466,
            "2013": 34313.6375,
            "2014": 58063.6282,
            "2015": 21917.1466,
            "2016": 34313.6375,
            "2017": 40133.5394
        },
        "November": {
            "2011": 31215.612399999998,
            "2012": 48075.027,
            "2013": 47624.9307,
            "2014": 100709.5848,
            "2015": 48075.027,
            "2016": 47624.9307,
            "2017": 65369.0144
        },
        "October": {
            "2011": 31252.7817,
            "2012": 30222.862299999997,
            "2013": 36834.3545,
            "2014": 76125.5807,
            "2015": 30222.8623,
            "2016": 36834.3545,
            "2017": 44356.619
        },
        "September": {
            "2011": 32367.0625,
            "2012": 32848.0596,
            "2013": 46821.987499999996,
            "2014": 92314.2416,
            "2015": 32848.0596,
            "2016": 46821.9875,
            "2017": 60606.3571
        }
    },
    "shipping_delay_stats": {
        "mean": 4.0,
        "median": 4.0,
        "max": 7
    },
    "top_10_products_by_sales": {
        "Hon Executive Leather Armchair, Adjustable": 116386.96819999999,
        "Office Star Executive Leather Armchair, Adjustable": 101323.36799999999,
        "Harbour Creations Executive Leather Armchair, Adjustable": 100243.032,
        "SAFCO Executive Leather Armchair, Black": 83847.06,
        "Novimex Executive Leather Armchair, Adjustable": 81170.26719999999,
        "Novimex Executive Leather Armchair, Red": 77629.60399999999,
        "Harbour Creations Executive Leather Armchair, Black": 64461.47839999999,
        "Office Star Executive Leather Armchair, Black": 58843.2046,
        "Hon Executive Leather Armchair, Black": 58489.53919999999,
        "Novimex Executive Leather Armchair, Black": 57259.015
    },
    "top_10_products_by_profit": {
        "Harbour Creations Executive Leather Armchair, Adjustable": 20854.652000000002,
        "SAFCO Executive Leather Armchair, Black": 14308.560000000001,
        "Hon Executive Leather Armchair, Adjustable": 11994.508200000002,
        "Novimex Executive Leather Armchair, Adjustable": 11124.7072,
        "Harbour Creations Executive Leather Armchair, Red": 10504.8824,
        "Hon Swivel Stool, Black": 10372.3392,
        "Office Star Executive Leather Armchair, Adjustable": 9421.968,
        "Office Star Executive Leather Armchair, Red": 9354.155999999999,
        "Harbour Creations Executive Leather Armchair, Black": 6480.298400000001,
        "Novimex Swivel Stool, Red": 5321.468
    },
    "top_10_products_by_turnover": {
        "Hon Executive Leather Armchair, Adjustable": 338,
        "Harbour Creations Chairmat, Black": 316,
        "Hon Swivel Stool, Black": 316,
        "Office Star Bag Chairs, Set of Two": 298,
        "Harbour Creations Executive Leather Armchair, Adjustable": 284,
        "Office Star Executive Leather Armchair, Adjustable": 282,
        "Hon Bag Chairs, Set of Two": 276,
        "Harbour Creations Swivel Stool, Red": 270,
        "Novimex Bag Chairs, Black": 264,
        "Novimex Swivel Stool, Black": 254
    },
    "top_5_loss_products": {
        "Office Star Executive Leather Armchair, Black": -9125.846,
        "Novimex Executive Leather Armchair, Red": -8158.335999999999,
        "Office Star Executive Leather Armchair, Adjustable": -7555.883999999999,
        "SAFCO Executive Leather Armchair, Adjustable": -6396.8832,
        "SAFCO Executive Leather Armchair, Red": -6138.124
    },
    "product_performance": [
        {
            "Product Name": "Hon Executive Leather Armchair, Adjustable",
            "total_sales": 116386.96819999999,
            "total_quantity": 338,
            "average_price": 1187.6221244897959,
            "total_profit": 11994.508200000002,
            "profit_margin": 0.10305714106572976
        },
        {
            "Product Name": "Office Star Executive Leather Armchair, Adjustable",
            "total_sales": 101323.36799999999,
            "total_quantity": 282,
            "average_price": 1125.8151999999998,
            "total_profit": 9421.968,
            "profit_margin": 0.09298909211150583
        },
        {
            "Product Name": "Harbour Creations Executive Leather Armchair, Adjustable",
            "total_sales": 100243.032,
            "total_quantity": 284,
            "average_price": 1285.167076923077,
            "total_profit": 20854.652000000002,
            "profit_margin": 0.20804091400587324
        },
        {
            "Product Name": "SAFCO Executive Leather Armchair, Black",
            "total_sales": 83847.06,
            "total_quantity": 222,
            "average_price": 1497.2689285714284,
            "total_profit": 14308.560000000001,
            "profit_margin": 0.17065070617860664
        },
        {
            "Product Name": "Novimex Executive Leather Armchair, Adjustable",
            "total_sales": 81170.26719999999,
            "total_quantity": 248,
            "average_price": 1040.644451282051,
            "total_profit": 11124.7072,
            "profit_margin": 0.1370539679583561
        },
        {
            "Product Name": "Novimex Executive Leather Armchair, Red",
            "total_sales": 77629.60399999999,
            "total_quantity": 236,
            "average_price": 1386.2429285714284,
            "total_profit": 2900.7440000000006,
            "profit_margin": 0.03736646653511205
        },
        {
            "Product Name": "Harbour Creations Executive Leather Armchair, Black",
            "total_sales": 64461.47839999999,
            "total_quantity": 200,
            "average_price": 1342.9474666666665,
            "total_profit": 6480.298400000001,
            "profit_margin": 0.10052978245066128
        },
        {
            "Product Name": "Office Star Executive Leather Armchair, Black",
            "total_sales": 58843.2046,
            "total_quantity": 178,
            "average_price": 1337.345559090909,
            "total_profit": 3796.5046000000007,
            "profit_margin": 0.0645189980016826
        },
        {
            "Product Name": "Hon Executive Leather Armchair, Black",
            "total_sales": 58489.53919999999,
            "total_quantity": 172,
            "average_price": 1044.456057142857,
            "total_profit": 877.8392000000016,
            "profit_margin": 0.015008482063746567
        },
        {
            "Product Name": "Novimex Executive Leather Armchair, Black",
            "total_sales": 57259.015,
            "total_quantity": 160,
            "average_price": 1145.1803,
            "total_profit": 4582.435,
            "profit_margin": 0.08002993065808066
        },
        {
            "Product Name": "SAFCO Executive Leather Armchair, Red",
            "total_sales": 51280.254,
            "total_quantity": 152,
            "average_price": 1220.9584285714286,
            "total_profit": -3666.345999999999,
            "profit_margin": -0.07149625272916937
        },
        {
            "Product Name": "Office Star Executive Leather Armchair, Red",
            "total_sales": 50427.976,
            "total_quantity": 136,
            "average_price": 1483.1757647058823,
            "total_profit": 9354.155999999999,
            "profit_margin": 0.18549536868186023
        },
        {
            "Product Name": "SAFCO Executive Leather Armchair, Adjustable",
            "total_sales": 48420.8768,
            "total_quantity": 144,
            "average_price": 931.1707076923077,
            "total_profit": -1724.3632,
            "profit_margin": -0.03561197801358277
        },
        {
            "Product Name": "Harbour Creations Executive Leather Armchair, Red",
            "total_sales": 47034.0024,
            "total_quantity": 136,
            "average_price": 1119.8572,
            "total_profit": 10504.8824,
            "profit_margin": 0.22334655491704447
        },
        {
            "Product Name": "HON 5400 Series Task Chairs for Big and Tall",
            "total_sales": 43741.152,
            "total_quantity": 78,
            "average_price": 2733.822,
            "total_profit": 5.968558980384842e-13,
            "profit_margin": 1.3645180127822974e-17
        },
        {
            "Product Name": "Hon Executive Leather Armchair, Red",
            "total_sales": 39605.54319999999,
            "total_quantity": 112,
            "average_price": 1100.1539777777775,
            "total_profit": -785.8567999999995,
            "profit_margin": -0.01984209119495171
        },
        {
            "Product Name": "Hon Swivel Stool, Black",
            "total_sales": 39073.279200000004,
            "total_quantity": 316,
            "average_price": 500.939476923077,
            "total_profit": 10372.3392,
            "profit_margin": 0.26545863086914906
        },
        {
            "Product Name": "SAFCO Executive Leather Armchair, Set of Two",
            "total_sales": 34213.4016,
            "total_quantity": 112,
            "average_price": 900.3526736842105,
            "total_profit": 3312.7416000000003,
            "profit_margin": 0.09682584733112304
        },
        {
            "Product Name": "Harbour Creations Swivel Stool, Red",
            "total_sales": 33729.2712,
            "total_quantity": 270,
            "average_price": 392.20082790697677,
            "total_profit": 1220.9712000000002,
            "profit_margin": 0.03619915748431588
        },
        {
            "Product Name": "Novimex Swivel Stool, Black",
            "total_sales": 33673.0746,
            "total_quantity": 254,
            "average_price": 467.6815916666667,
            "total_profit": 1347.0745999999997,
            "profit_margin": 0.04000450258854592
        }
    ],
    "most_ordered_products_by_date": [
        {
            "Year_Month": "2011-02",
            "Product Name": "Hon Executive Leather Armchair, Adjustable",
            "total_sales": 727.536,
            "total_quantity": 2
        },
        {
            "Year_Month": "2011-02",
            "Product Name": "SAFCO Executive Leather Armchair, Black",
            "total_sales": 4544.099999999999,
            "total_quantity": 11
        },
        {
            "Year_Month": "2011-03",
            "Product Name": "Office Star Executive Leather Armchair, Adjustable",
            "total_sales": 751.8720000000001,
            "total_quantity": 3
        },
        {
            "Year_Month": "2011-04",
            "Product Name": "Hon Executive Leather Armchair, Adjustable",
            "total_sales": 919.2599999999998,
            "total_quantity": 6
        },
        {
            "Year_Month": "2011-05",
            "Product Name": "SAFCO Executive Leather Armchair, Black",
            "total_sales": 5507.999999999998,
            "total_quantity": 12
        },
        {
            "Year_Month": "2011-06",
            "Product Name": "Harbour Creations Executive Leather Armchair, Adjustable",
            "total_sales": 2410.3979999999997,
            "total_quantity": 7
        },
        {
            "Year_Month": "2011-06",
            "Product Name": "Hon Executive Leather Armchair, Adjustable",
            "total_sales": 454.7099999999999,
            "total_quantity": 1
        },
        {
            "Year_Month": "2011-06",
            "Product Name": "Novimex Executive Leather Armchair, Adjustable",
            "total_sales": 332.5296,
            "total_quantity": 1
        },
        {
            "Year_Month": "2011-08",
            "Product Name": "Novimex Executive Leather Armchair, Adjustable",
            "total_sales": 911.0399999999998,
            "total_quantity": 2
        },
        {
            "Year_Month": "2011-08",
            "Product Name": "Office Star Executive Leather Armchair, Adjustable",
            "total_sales": 2247.7439999999997,
            "total_quantity": 12
        },
        {
            "Year_Month": "2011-08",
            "Product Name": "SAFCO Executive Leather Armchair, Black",
            "total_sales": 2111.3999999999996,
            "total_quantity": 6
        },
        {
            "Year_Month": "2011-09",
            "Product Name": "Harbour Creations Executive Leather Armchair, Adjustable",
            "total_sales": 1650.48,
            "total_quantity": 8
        },
        {
            "Year_Month": "2011-09",
            "Product Name": "Novimex Executive Leather Armchair, Adjustable",
            "total_sales": 455.5199999999999,
            "total_quantity": 1
        },
        {
            "Year_Month": "2011-09",
            "Product Name": "Office Star Executive Leather Armchair, Adjustable",
            "total_sales": 939.84,
            "total_quantity": 5
        },
        {
            "Year_Month": "2011-10",
            "Product Name": "Hon Executive Leather Armchair, Adjustable",
            "total_sales": 1838.52,
            "total_quantity": 5
        },
        {
            "Year_Month": "2011-11",
            "Product Name": "Harbour Creations Executive Leather Armchair, Adjustable",
            "total_sales": 3052.212,
            "total_quantity": 8
        },
        {
            "Year_Month": "2011-11",
            "Product Name": "Novimex Executive Leather Armchair, Adjustable",
            "total_sales": 2550.912,
            "total_quantity": 7
        },
        {
            "Year_Month": "2011-12",
            "Product Name": "Harbour Creations Executive Leather Armchair, Adjustable",
            "total_sales": 753.8879999999999,
            "total_quantity": 3
        },
        {
            "Year_Month": "2011-12",
            "Product Name": "Hon Executive Leather Armchair, Adjustable",
            "total_sales": 181.884,
            "total_quantity": 1
        },
        {
            "Year_Month": "2011-12",
            "Product Name": "Novimex Executive Leather Armchair, Adjustable",
            "total_sales": 4707.039999999999,
            "total_quantity": 13
        },
        {
            "Year_Month": "2011-12",
            "Product Name": "Office Star Executive Leather Armchair, Adjustable",
            "total_sales": 2138.9999999999995,
            "total_quantity": 6
        },
        {
            "Year_Month": "2011-12",
            "Product Name": "SAFCO Executive Leather Armchair, Black",
            "total_sales": 367.19999999999993,
            "total_quantity": 2
        },
        {
            "Year_Month": "2012-02",
            "Product Name": "Novimex Executive Leather Armchair, Adjustable",
            "total_sales": 819.9359999999999,
            "total_quantity": 2
        },
        {
            "Year_Month": "2012-02",
            "Product Name": "Office Star Executive Leather Armchair, Adjustable",
            "total_sales": 929.9999999999998,
            "total_quantity": 2
        },
        {
            "Year_Month": "2012-03",
            "Product Name": "Hon Executive Leather Armchair, Adjustable",
            "total_sales": 409.2389999999999,
            "total_quantity": 1
        },
        {
            "Year_Month": "2012-03",
            "Product Name": "Novimex Executive Leather Armchair, Adjustable",
            "total_sales": 607.3599999999998,
            "total_quantity": 2
        },
        {
            "Year_Month": "2012-04",
            "Product Name": "Harbour Creations Executive Leather Armchair, Adjustable",
            "total_sales": 347.55299999999994,
            "total_quantity": 1
        },
        {
            "Year_Month": "2012-05",
            "Product Name": "Hon Executive Leather Armchair, Adjustable",
            "total_sales": 1554.87,
            "total_quantity": 4
        },
        {
            "Year_Month": "2012-05",
            "Product Name": "Novimex Executive Leather Armchair, Adjustable",
            "total_sales": 1214.7199999999996,
            "total_quantity": 5
        },
        {
            "Year_Month": "2012-05",
            "Product Name": "Office Star Executive Leather Armchair, Adjustable",
            "total_sales": 929.9999999999998,
            "total_quantity": 3
        },
        {
            "Year_Month": "2012-06",
            "Product Name": "Harbour Creations Executive Leather Armchair, Adjustable",
            "total_sales": 2570.94,
            "total_quantity": 6
        },
        {
            "Year_Month": "2012-06",
            "Product Name": "Novimex Executive Leather Armchair, Adjustable",
            "total_sales": 1229.904,
            "total_quantity": 3
        },
        {
            "Year_Month": "2012-07",
            "Product Name": "Hon Executive Leather Armchair, Adjustable",
            "total_sales": 1532.0999999999997,
            "total_quantity": 5
        },
        {
            "Year_Month": "2012-08",
            "Product Name": "Hon Executive Leather Armchair, Adjustable",
            "total_sales": 1687.3469999999998,
            "total_quantity": 4
        },
        {
            "Year_Month": "2012-08",
            "Product Name": "Novimex Executive Leather Armchair, Adjustable",
            "total_sales": 2095.392,
            "total_quantity": 5
        },
        {
            "Year_Month": "2012-08",
            "Product Name": "Office Star Executive Leather Armchair, Adjustable",
            "total_sales": 2383.3079999999995,
            "total_quantity": 6
        },
        {
            "Year_Month": "2012-09",
            "Product Name": "Hon Executive Leather Armchair, Adjustable",
            "total_sales": 2382.2039999999997,
            "total_quantity": 7
        },
        {
            "Year_Month": "2012-09",
            "Product Name": "Office Star Executive Leather Armchair, Adjustable",
            "total_sales": 2486.5599999999995,
            "total_quantity": 6
        },
        {
            "Year_Month": "2012-09",
            "Product Name": "SAFCO Executive Leather Armchair, Black",
            "total_sales": 670.1399999999999,
            "total_quantity": 2
        },
        {
            "Year_Month": "2012-10",
            "Product Name": "Harbour Creations Executive Leather Armchair, Adjustable",
            "total_sales": 1719.8069999999998,
            "total_quantity": 5
        },
        {
            "Year_Month": "2012-10",
            "Product Name": "Office Star Executive Leather Armchair, Adjustable",
            "total_sales": 836.9999999999998,
            "total_quantity": 2
        },
        {
            "Year_Month": "2012-11",
            "Product Name": "Harbour Creations Executive Leather Armchair, Adjustable",
            "total_sales": 2473.096,
            "total_quantity": 8
        },
        {
            "Year_Month": "2012-11",
            "Product Name": "Office Star Executive Leather Armchair, Adjustable",
            "total_sales": 1627.4999999999995,
            "total_quantity": 5
        },
        {
            "Year_Month": "2012-11",
            "Product Name": "SAFCO Executive Leather Armchair, Black",
            "total_sales": 2891.7,
            "total_quantity": 7
        },
        {
            "Year_Month": "2012-12",
            "Product Name": "Novimex Executive Leather Armchair, Adjustable",
            "total_sales": 5314.399999999999,
            "total_quantity": 14
        },
        {
            "Year_Month": "2012-12",
            "Product Name": "SAFCO Executive Leather Armchair, Black",
            "total_sales": 1652.3999999999996,
            "total_quantity": 4
        },
        {
            "Year_Month": "2013-01",
            "Product Name": "Harbour Creations Executive Leather Armchair, Adjustable",
            "total_sales": 1375.8456,
            "total_quantity": 4
        },
        {
            "Year_Month": "2013-01",
            "Product Name": "Hon Executive Leather Armchair, Adjustable",
            "total_sales": 2566.056,
            "total_quantity": 6
        },
        {
            "Year_Month": "2013-02",
            "Product Name": "Novimex Executive Leather Armchair, Adjustable",
            "total_sales": 920.88,
            "total_quantity": 3
        },
        {
            "Year_Month": "2013-03",
            "Product Name": "Harbour Creations Executive Leather Armchair, Adjustable",
            "total_sales": 4861.102,
            "total_quantity": 11
        },
        {
            "Year_Month": "2013-03",
            "Product Name": "Hon Executive Leather Armchair, Adjustable",
            "total_sales": 545.6519999999998,
            "total_quantity": 3
        },
        {
            "Year_Month": "2013-03",
            "Product Name": "Novimex Executive Leather Armchair, Adjustable",
            "total_sales": 138.132,
            "total_quantity": 1
        },
        {
            "Year_Month": "2013-03",
            "Product Name": "Office Star Executive Leather Armchair, Adjustable",
            "total_sales": 2092.4999999999995,
            "total_quantity": 5
        },
        {
            "Year_Month": "2013-04",
            "Product Name": "Hon Executive Leather Armchair, Adjustable",
            "total_sales": 3217.4099999999994,
            "total_quantity": 7
        },
        {
            "Year_Month": "2013-04",
            "Product Name": "Novimex Executive Leather Armchair, Adjustable",
            "total_sales": 607.3599999999998,
            "total_quantity": 2
        },
        {
            "Year_Month": "2013-04",
            "Product Name": "Office Star Executive Leather Armchair, Adjustable",
            "total_sales": 929.9999999999998,
            "total_quantity": 3
        },
        {
            "Year_Month": "2013-04",
            "Product Name": "SAFCO Executive Leather Armchair, Black",
            "total_sales": 1496.3399999999997,
            "total_quantity": 4
        },
        {
            "Year_Month": "2013-05",
            "Product Name": "Office Star Executive Leather Armchair, Adjustable",
            "total_sales": 3875.4499999999994,
            "total_quantity": 12
        },
        {
            "Year_Month": "2013-06",
            "Product Name": "Harbour Creations Executive Leather Armchair, Adjustable",
            "total_sales": 6406.812,
            "total_quantity": 16
        },
        {
            "Year_Month": "2013-06",
            "Product Name": "Hon Executive Leather Armchair, Adjustable",
            "total_sales": 4114.53,
            "total_quantity": 10
        },
        {
            "Year_Month": "2013-06",
            "Product Name": "Novimex Executive Leather Armchair, Adjustable",
            "total_sales": 1381.3199999999997,
            "total_quantity": 3
        },
        {
            "Year_Month": "2013-06",
            "Product Name": "Office Star Executive Leather Armchair, Adjustable",
            "total_sales": 929.9999999999998,
            "total_quantity": 2
        },
        {
            "Year_Month": "2013-06",
            "Product Name": "SAFCO Executive Leather Armchair, Black",
            "total_sales": 2478.5999999999995,
            "total_quantity": 10
        },
        {
            "Year_Month": "2013-07",
            "Product Name": "Harbour Creations Executive Leather Armchair, Adjustable",
            "total_sales": 1272.186,
            "total_quantity": 3
        },
        {
            "Year_Month": "2013-07",
            "Product Name": "Novimex Executive Leather Armchair, Adjustable",
            "total_sales": 1822.0799999999992,
            "total_quantity": 6
        },
        {
            "Year_Month": "2013-07",
            "Product Name": "Office Star Executive Leather Armchair, Adjustable",
            "total_sales": 1588.8719999999998,
            "total_quantity": 5
        },
        {
            "Year_Month": "2013-08",
            "Product Name": "Harbour Creations Executive Leather Armchair, Adjustable",
            "total_sales": 1428.3,
            "total_quantity": 3
        },
        {
            "Year_Month": "2013-08",
            "Product Name": "Hon Executive Leather Armchair, Adjustable",
            "total_sales": 2502.3966,
            "total_quantity": 6
        },
        {
            "Year_Month": "2013-08",
            "Product Name": "Novimex Executive Leather Armchair, Adjustable",
            "total_sales": 911.0399999999998,
            "total_quantity": 2
        },
        {
            "Year_Month": "2013-08",
            "Product Name": "Office Star Executive Leather Armchair, Adjustable",
            "total_sales": 2255.616,
            "total_quantity": 5
        },
        {
            "Year_Month": "2013-09",
            "Product Name": "Harbour Creations Executive Leather Armchair, Adjustable",
            "total_sales": 2380.5,
            "total_quantity": 5
        },
        {
            "Year_Month": "2013-09",
            "Product Name": "Hon Executive Leather Armchair, Adjustable",
            "total_sales": 2091.6659999999997,
            "total_quantity": 5
        },
        {
            "Year_Month": "2013-09",
            "Product Name": "Novimex Executive Leather Armchair, Adjustable",
            "total_sales": 859.488,
            "total_quantity": 4
        },
        {
            "Year_Month": "2013-09",
            "Product Name": "Office Star Executive Leather Armchair, Adjustable",
            "total_sales": 2355.9999999999995,
            "total_quantity": 6
        },
        {
            "Year_Month": "2013-09",
            "Product Name": "SAFCO Executive Leather Armchair, Black",
            "total_sales": 2141.9999999999995,
            "total_quantity": 7
        },
        {
            "Year_Month": "2013-10",
            "Product Name": "Harbour Creations Executive Leather Armchair, Adjustable",
            "total_sales": 1130.832,
            "total_quantity": 6
        },
        {
            "Year_Month": "2013-10",
            "Product Name": "Hon Executive Leather Armchair, Adjustable",
            "total_sales": 1715.9519999999998,
            "total_quantity": 7
        },
        {
            "Year_Month": "2013-10",
            "Product Name": "Novimex Executive Leather Armchair, Adjustable",
            "total_sales": 409.968,
            "total_quantity": 1
        },
        {
            "Year_Month": "2013-10",
            "Product Name": "Office Star Executive Leather Armchair, Adjustable",
            "total_sales": 2819.5199999999995,
            "total_quantity": 6
        },
        {
            "Year_Month": "2013-11",
            "Product Name": "Harbour Creations Executive Leather Armchair, Adjustable",
            "total_sales": 1602.0119999999997,
            "total_quantity": 5
        },
        {
            "Year_Month": "2013-11",
            "Product Name": "Hon Executive Leather Armchair, Adjustable",
            "total_sales": 1818.84,
            "total_quantity": 4
        },
        {
            "Year_Month": "2013-11",
            "Product Name": "Novimex Executive Leather Armchair, Adjustable",
            "total_sales": 2004.2879999999996,
            "total_quantity": 8
        },
        {
            "Year_Month": "2013-11",
            "Product Name": "Office Star Executive Leather Armchair, Adjustable",
            "total_sales": 1268.784,
            "total_quantity": 3
        },
        {
            "Year_Month": "2013-11",
            "Product Name": "SAFCO Executive Leather Armchair, Black",
            "total_sales": 5370.299999999999,
            "total_quantity": 13
        },
        {
            "Year_Month": "2013-12",
            "Product Name": "Harbour Creations Executive Leather Armchair, Adjustable",
            "total_sales": 1413.54,
            "total_quantity": 4
        },
        {
            "Year_Month": "2013-12",
            "Product Name": "Hon Executive Leather Armchair, Adjustable",
            "total_sales": 1532.1,
            "total_quantity": 5
        },
        {
            "Year_Month": "2013-12",
            "Product Name": "Novimex Executive Leather Armchair, Adjustable",
            "total_sales": 1406.7679999999998,
            "total_quantity": 5
        },
        {
            "Year_Month": "2013-12",
            "Product Name": "Office Star Executive Leather Armchair, Adjustable",
            "total_sales": 1819.4039999999995,
            "total_quantity": 5
        },
        {
            "Year_Month": "2013-12",
            "Product Name": "SAFCO Executive Leather Armchair, Black",
            "total_sales": 458.9999999999999,
            "total_quantity": 1
        },
        {
            "Year_Month": "2014-01",
            "Product Name": "Harbour Creations Executive Leather Armchair, Adjustable",
            "total_sales": 1428.3,
            "total_quantity": 4
        },
        {
            "Year_Month": "2014-01",
            "Product Name": "Hon Executive Leather Armchair, Adjustable",
            "total_sales": 970.0479999999998,
            "total_quantity": 4
        },
        {
            "Year_Month": "2014-01",
            "Product Name": "SAFCO Executive Leather Armchair, Black",
            "total_sales": 7458.749999999998,
            "total_quantity": 17
        },
        {
            "Year_Month": "2014-02",
            "Product Name": "Harbour Creations Executive Leather Armchair, Adjustable",
            "total_sales": 714.15,
            "total_quantity": 2
        },
        {
            "Year_Month": "2014-02",
            "Product Name": "Hon Executive Leather Armchair, Adjustable",
            "total_sales": 3485.3160000000003,
            "total_quantity": 8
        },
        {
            "Year_Month": "2014-02",
            "Product Name": "Novimex Executive Leather Armchair, Adjustable",
            "total_sales": 1726.6499999999996,
            "total_quantity": 5
        },
        {
            "Year_Month": "2014-02",
            "Product Name": "Office Star Executive Leather Armchair, Adjustable",
            "total_sales": 1046.2499999999995,
            "total_quantity": 3
        },
        {
            "Year_Month": "2014-02",
            "Product Name": "SAFCO Executive Leather Armchair, Black",
            "total_sales": 6196.5,
            "total_quantity": 15
        },
        {
            "Year_Month": "2014-03",
            "Product Name": "Harbour Creations Executive Leather Armchair, Adjustable",
            "total_sales": 571.32,
            "total_quantity": 4
        },
        {
            "Year_Month": "2014-03",
            "Product Name": "Hon Executive Leather Armchair, Adjustable",
            "total_sales": 2249.1399999999994,
            "total_quantity": 10
        },
        {
            "Year_Month": "2014-03",
            "Product Name": "Novimex Executive Leather Armchair, Adjustable",
            "total_sales": 1680.6059999999998,
            "total_quantity": 5
        },
        {
            "Year_Month": "2014-03",
            "Product Name": "Office Star Executive Leather Armchair, Adjustable",
            "total_sales": 3764.1199999999994,
            "total_quantity": 11
        },
        {
            "Year_Month": "2014-04",
            "Product Name": "Hon Executive Leather Armchair, Adjustable",
            "total_sales": 919.26,
            "total_quantity": 6
        },
        {
            "Year_Month": "2014-04",
            "Product Name": "SAFCO Executive Leather Armchair, Black",
            "total_sales": 734.3999999999999,
            "total_quantity": 4
        },
        {
            "Year_Month": "2014-05",
            "Product Name": "Harbour Creations Executive Leather Armchair, Adjustable",
            "total_sales": 952.2,
            "total_quantity": 2
        },
        {
            "Year_Month": "2014-05",
            "Product Name": "Hon Executive Leather Armchair, Adjustable",
            "total_sales": 181.884,
            "total_quantity": 1
        },
        {
            "Year_Month": "2014-05",
            "Product Name": "Novimex Executive Leather Armchair, Adjustable",
            "total_sales": 455.5199999999999,
            "total_quantity": 1
        },
        {
            "Year_Month": "2014-05",
            "Product Name": "Office Star Executive Leather Armchair, Adjustable",
            "total_sales": 1394.9999999999995,
            "total_quantity": 3
        },
        {
            "Year_Month": "2014-05",
            "Product Name": "SAFCO Executive Leather Armchair, Black",
            "total_sales": 5508.0,
            "total_quantity": 12
        },
        {
            "Year_Month": "2014-06",
            "Product Name": "Harbour Creations Executive Leather Armchair, Adjustable",
            "total_sales": 3352.7580000000003,
            "total_quantity": 10
        },
        {
            "Year_Month": "2014-06",
            "Product Name": "Hon Executive Leather Armchair, Adjustable",
            "total_sales": 1682.4269999999997,
            "total_quantity": 4
        },
        {
            "Year_Month": "2014-06",
            "Product Name": "Novimex Executive Leather Armchair, Adjustable",
            "total_sales": 792.9696,
            "total_quantity": 2
        },
        {
            "Year_Month": "2014-06",
            "Product Name": "Office Star Executive Leather Armchair, Adjustable",
            "total_sales": 2537.5679999999998,
            "total_quantity": 6
        },
        {
            "Year_Month": "2014-06",
            "Product Name": "SAFCO Executive Leather Armchair, Black",
            "total_sales": 458.9999999999999,
            "total_quantity": 1
        },
        {
            "Year_Month": "2014-07",
            "Product Name": "Harbour Creations Executive Leather Armchair, Adjustable",
            "total_sales": 2205.1223999999997,
            "total_quantity": 7
        },
        {
            "Year_Month": "2014-07",
            "Product Name": "Hon Executive Leather Armchair, Adjustable",
            "total_sales": 612.8399999999999,
            "total_quantity": 2
        },
        {
            "Year_Month": "2014-07",
            "Product Name": "Novimex Executive Leather Armchair, Adjustable",
            "total_sales": 2900.144,
            "total_quantity": 9
        },
        {
            "Year_Month": "2014-07",
            "Product Name": "Office Star Executive Leather Armchair, Adjustable",
            "total_sales": 1503.744,
            "total_quantity": 8
        },
        {
            "Year_Month": "2014-07",
            "Product Name": "SAFCO Executive Leather Armchair, Black",
            "total_sales": 734.3999999999999,
            "total_quantity": 3
        },
        {
            "Year_Month": "2014-08",
            "Product Name": "Harbour Creations Executive Leather Armchair, Adjustable",
            "total_sales": 1904.4,
            "total_quantity": 4
        },
        {
            "Year_Month": "2014-08",
            "Product Name": "Hon Executive Leather Armchair, Adjustable",
            "total_sales": 1006.5896999999998,
            "total_quantity": 3
        },
        {
            "Year_Month": "2014-08",
            "Product Name": "Novimex Executive Leather Armchair, Adjustable",
            "total_sales": 911.04,
            "total_quantity": 2
        },
        {
            "Year_Month": "2014-08",
            "Product Name": "Office Star Executive Leather Armchair, Adjustable",
            "total_sales": 1213.92,
            "total_quantity": 5
        },
        {
            "Year_Month": "2014-08",
            "Product Name": "SAFCO Executive Leather Armchair, Black",
            "total_sales": 2111.4,
            "total_quantity": 6
        },
        {
            "Year_Month": "2014-09",
            "Product Name": "Harbour Creations Executive Leather Armchair, Adjustable",
            "total_sales": 1650.48,
            "total_quantity": 8
        },
        {
            "Year_Month": "2014-09",
            "Product Name": "Hon Executive Leather Armchair, Adjustable",
            "total_sales": 2141.8758,
            "total_quantity": 8
        },
        {
            "Year_Month": "2014-09",
            "Product Name": "Novimex Executive Leather Armchair, Adjustable",
            "total_sales": 455.52,
            "total_quantity": 1
        },
        {
            "Year_Month": "2014-09",
            "Product Name": "Office Star Executive Leather Armchair, Adjustable",
            "total_sales": 1869.8399999999997,
            "total_quantity": 7
        },
        {
            "Year_Month": "2014-09",
            "Product Name": "SAFCO Executive Leather Armchair, Black",
            "total_sales": 734.3999999999999,
            "total_quantity": 2
        },
        {
            "Year_Month": "2014-10",
            "Product Name": "Hon Executive Leather Armchair, Adjustable",
            "total_sales": 4320.522,
            "total_quantity": 11
        },
        {
            "Year_Month": "2014-10",
            "Product Name": "Office Star Executive Leather Armchair, Adjustable",
            "total_sales": 4565.855999999999,
            "total_quantity": 10
        },
        {
            "Year_Month": "2014-11",
            "Product Name": "Harbour Creations Executive Leather Armchair, Adjustable",
            "total_sales": 6336.771999999999,
            "total_quantity": 17
        },
        {
            "Year_Month": "2014-11",
            "Product Name": "Hon Executive Leather Armchair, Adjustable",
            "total_sales": 8040.192999999998,
            "total_quantity": 20
        },
        {
            "Year_Month": "2014-11",
            "Product Name": "Novimex Executive Leather Armchair, Adjustable",
            "total_sales": 3739.2,
            "total_quantity": 12
        },
        {
            "Year_Month": "2014-11",
            "Product Name": "Office Star Executive Leather Armchair, Adjustable",
            "total_sales": 1495.872,
            "total_quantity": 6
        },
        {
            "Year_Month": "2014-11",
            "Product Name": "SAFCO Executive Leather Armchair, Black",
            "total_sales": 458.9999999999999,
            "total_quantity": 1
        },
        {
            "Year_Month": "2014-12",
            "Product Name": "Harbour Creations Executive Leather Armchair, Adjustable",
            "total_sales": 2023.4879999999998,
            "total_quantity": 7
        },
        {
            "Year_Month": "2014-12",
            "Product Name": "Hon Executive Leather Armchair, Adjustable",
            "total_sales": 4913.025999999999,
            "total_quantity": 18
        },
        {
            "Year_Month": "2014-12",
            "Product Name": "Novimex Executive Leather Armchair, Adjustable",
            "total_sales": 6180.448,
            "total_quantity": 21
        },
        {
            "Year_Month": "2014-12",
            "Product Name": "Office Star Executive Leather Armchair, Adjustable",
            "total_sales": 2139.0,
            "total_quantity": 6
        },
        {
            "Year_Month": "2014-12",
            "Product Name": "SAFCO Executive Leather Armchair, Black",
            "total_sales": 367.2,
            "total_quantity": 2
        },
        {
            "Year_Month": "2015-02",
            "Product Name": "Novimex Executive Leather Armchair, Adjustable",
            "total_sales": 819.936,
            "total_quantity": 2
        },
        {
            "Year_Month": "2015-02",
            "Product Name": "Office Star Executive Leather Armchair, Adjustable",
            "total_sales": 930.0,
            "total_quantity": 2
        },
        {
            "Year_Month": "2015-03",
            "Product Name": "Hon Executive Leather Armchair, Adjustable",
            "total_sales": 409.239,
            "total_quantity": 1
        },
        {
            "Year_Month": "2015-03",
            "Product Name": "Novimex Executive Leather Armchair, Adjustable",
            "total_sales": 607.36,
            "total_quantity": 2
        },
        {
            "Year_Month": "2015-04",
            "Product Name": "Harbour Creations Executive Leather Armchair, Adjustable",
            "total_sales": 347.553,
            "total_quantity": 1
        },
        {
            "Year_Month": "2015-05",
            "Product Name": "Hon Executive Leather Armchair, Adjustable",
            "total_sales": 1554.87,
            "total_quantity": 4
        },
        {
            "Year_Month": "2015-05",
            "Product Name": "Novimex Executive Leather Armchair, Adjustable",
            "total_sales": 1214.72,
            "total_quantity": 5
        },
        {
            "Year_Month": "2015-05",
            "Product Name": "Office Star Executive Leather Armchair, Adjustable",
            "total_sales": 930.0,
            "total_quantity": 3
        },
        {
            "Year_Month": "2015-06",
            "Product Name": "Harbour Creations Executive Leather Armchair, Adjustable",
            "total_sales": 2570.94,
            "total_quantity": 6
        },
        {
            "Year_Month": "2015-06",
            "Product Name": "Novimex Executive Leather Armchair, Adjustable",
            "total_sales": 1229.904,
            "total_quantity": 3
        },
        {
            "Year_Month": "2015-07",
            "Product Name": "Hon Executive Leather Armchair, Adjustable",
            "total_sales": 1532.1,
            "total_quantity": 5
        },
        {
            "Year_Month": "2015-08",
            "Product Name": "Hon Executive Leather Armchair, Adjustable",
            "total_sales": 1687.3470000000002,
            "total_quantity": 4
        },
        {
            "Year_Month": "2015-08",
            "Product Name": "Novimex Executive Leather Armchair, Adjustable",
            "total_sales": 2095.392,
            "total_quantity": 5
        },
        {
            "Year_Month": "2015-08",
            "Product Name": "Office Star Executive Leather Armchair, Adjustable",
            "total_sales": 2383.308,
            "total_quantity": 6
        },
        {
            "Year_Month": "2015-09",
            "Product Name": "Hon Executive Leather Armchair, Adjustable",
            "total_sales": 2382.2039999999997,
            "total_quantity": 7
        },
        {
            "Year_Month": "2015-09",
            "Product Name": "Office Star Executive Leather Armchair, Adjustable",
            "total_sales": 2486.56,
            "total_quantity": 6
        },
        {
            "Year_Month": "2015-09",
            "Product Name": "SAFCO Executive Leather Armchair, Black",
            "total_sales": 670.14,
            "total_quantity": 2
        },
        {
            "Year_Month": "2015-10",
            "Product Name": "Harbour Creations Executive Leather Armchair, Adjustable",
            "total_sales": 1719.807,
            "total_quantity": 5
        },
        {
            "Year_Month": "2015-10",
            "Product Name": "Office Star Executive Leather Armchair, Adjustable",
            "total_sales": 837.0,
            "total_quantity": 2
        },
        {
            "Year_Month": "2015-11",
            "Product Name": "Harbour Creations Executive Leather Armchair, Adjustable",
            "total_sales": 2473.096,
            "total_quantity": 8
        },
        {
            "Year_Month": "2015-11",
            "Product Name": "Office Star Executive Leather Armchair, Adjustable",
            "total_sales": 1627.5,
            "total_quantity": 5
        },
        {
            "Year_Month": "2015-11",
            "Product Name": "SAFCO Executive Leather Armchair, Black",
            "total_sales": 2891.7,
            "total_quantity": 7
        },
        {
            "Year_Month": "2015-12",
            "Product Name": "Novimex Executive Leather Armchair, Adjustable",
            "total_sales": 5314.400000000001,
            "total_quantity": 14
        },
        {
            "Year_Month": "2015-12",
            "Product Name": "SAFCO Executive Leather Armchair, Black",
            "total_sales": 1652.4,
            "total_quantity": 4
        },
        {
            "Year_Month": "2016-01",
            "Product Name": "Harbour Creations Executive Leather Armchair, Adjustable",
            "total_sales": 1375.8456,
            "total_quantity": 4
        },
        {
            "Year_Month": "2016-01",
            "Product Name": "Hon Executive Leather Armchair, Adjustable",
            "total_sales": 2566.056,
            "total_quantity": 6
        },
        {
            "Year_Month": "2016-02",
            "Product Name": "Novimex Executive Leather Armchair, Adjustable",
            "total_sales": 920.88,
            "total_quantity": 3
        },
        {
            "Year_Month": "2016-03",
            "Product Name": "Harbour Creations Executive Leather Armchair, Adjustable",
            "total_sales": 4861.102000000001,
            "total_quantity": 11
        },
        {
            "Year_Month": "2016-03",
            "Product Name": "Hon Executive Leather Armchair, Adjustable",
            "total_sales": 545.652,
            "total_quantity": 3
        },
        {
            "Year_Month": "2016-03",
            "Product Name": "Novimex Executive Leather Armchair, Adjustable",
            "total_sales": 138.132,
            "total_quantity": 1
        },
        {
            "Year_Month": "2016-03",
            "Product Name": "Office Star Executive Leather Armchair, Adjustable",
            "total_sales": 2092.5,
            "total_quantity": 5
        },
        {
            "Year_Month": "2016-04",
            "Product Name": "Hon Executive Leather Armchair, Adjustable",
            "total_sales": 3217.41,
            "total_quantity": 7
        },
        {
            "Year_Month": "2016-04",
            "Product Name": "Novimex Executive Leather Armchair, Adjustable",
            "total_sales": 607.36,
            "total_quantity": 2
        },
        {
            "Year_Month": "2016-04",
            "Product Name": "Office Star Executive Leather Armchair, Adjustable",
            "total_sales": 930.0,
            "total_quantity": 3
        },
        {
            "Year_Month": "2016-04",
            "Product Name": "SAFCO Executive Leather Armchair, Black",
            "total_sales": 1496.3400000000001,
            "total_quantity": 4
        },
        {
            "Year_Month": "2016-05",
            "Product Name": "Office Star Executive Leather Armchair, Adjustable",
            "total_sales": 3875.45,
            "total_quantity": 12
        },
        {
            "Year_Month": "2016-06",
            "Product Name": "Harbour Creations Executive Leather Armchair, Adjustable",
            "total_sales": 6406.812,
            "total_quantity": 16
        },
        {
            "Year_Month": "2016-06",
            "Product Name": "Hon Executive Leather Armchair, Adjustable",
            "total_sales": 4114.53,
            "total_quantity": 10
        },
        {
            "Year_Month": "2016-06",
            "Product Name": "Novimex Executive Leather Armchair, Adjustable",
            "total_sales": 1381.32,
            "total_quantity": 3
        },
        {
            "Year_Month": "2016-06",
            "Product Name": "Office Star Executive Leather Armchair, Adjustable",
            "total_sales": 930.0,
            "total_quantity": 2
        },
        {
            "Year_Month": "2016-06",
            "Product Name": "SAFCO Executive Leather Armchair, Black",
            "total_sales": 2478.6000000000004,
            "total_quantity": 10
        },
        {
            "Year_Month": "2016-07",
            "Product Name": "Harbour Creations Executive Leather Armchair, Adjustable",
            "total_sales": 1272.186,
            "total_quantity": 3
        },
        {
            "Year_Month": "2016-07",
            "Product Name": "Novimex Executive Leather Armchair, Adjustable",
            "total_sales": 1822.08,
            "total_quantity": 6
        },
        {
            "Year_Month": "2016-07",
            "Product Name": "Office Star Executive Leather Armchair, Adjustable",
            "total_sales": 1588.8719999999998,
            "total_quantity": 5
        },
        {
            "Year_Month": "2016-08",
            "Product Name": "Harbour Creations Executive Leather Armchair, Adjustable",
            "total_sales": 1428.3,
            "total_quantity": 3
        },
        {
            "Year_Month": "2016-08",
            "Product Name": "Hon Executive Leather Armchair, Adjustable",
            "total_sales": 2502.3966,
            "total_quantity": 6
        },
        {
            "Year_Month": "2016-08",
            "Product Name": "Novimex Executive Leather Armchair, Adjustable",
            "total_sales": 911.04,
            "total_quantity": 2
        },
        {
            "Year_Month": "2016-08",
            "Product Name": "Office Star Executive Leather Armchair, Adjustable",
            "total_sales": 2255.616,
            "total_quantity": 5
        },
        {
            "Year_Month": "2016-09",
            "Product Name": "Harbour Creations Executive Leather Armchair, Adjustable",
            "total_sales": 2380.5,
            "total_quantity": 5
        },
        {
            "Year_Month": "2016-09",
            "Product Name": "Hon Executive Leather Armchair, Adjustable",
            "total_sales": 2091.6659999999997,
            "total_quantity": 5
        },
        {
            "Year_Month": "2016-09",
            "Product Name": "Novimex Executive Leather Armchair, Adjustable",
            "total_sales": 859.488,
            "total_quantity": 4
        },
        {
            "Year_Month": "2016-09",
            "Product Name": "Office Star Executive Leather Armchair, Adjustable",
            "total_sales": 2356.0,
            "total_quantity": 6
        },
        {
            "Year_Month": "2016-09",
            "Product Name": "SAFCO Executive Leather Armchair, Black",
            "total_sales": 2142.0,
            "total_quantity": 7
        },
        {
            "Year_Month": "2016-10",
            "Product Name": "Harbour Creations Executive Leather Armchair, Adjustable",
            "total_sales": 1130.832,
            "total_quantity": 6
        },
        {
            "Year_Month": "2016-10",
            "Product Name": "Hon Executive Leather Armchair, Adjustable",
            "total_sales": 1715.952,
            "total_quantity": 7
        },
        {
            "Year_Month": "2016-10",
            "Product Name": "Novimex Executive Leather Armchair, Adjustable",
            "total_sales": 409.968,
            "total_quantity": 1
        },
        {
            "Year_Month": "2016-10",
            "Product Name": "Office Star Executive Leather Armchair, Adjustable",
            "total_sales": 2819.52,
            "total_quantity": 6
        },
        {
            "Year_Month": "2016-11",
            "Product Name": "Harbour Creations Executive Leather Armchair, Adjustable",
            "total_sales": 1602.0120000000002,
            "total_quantity": 5
        },
        {
            "Year_Month": "2016-11",
            "Product Name": "Hon Executive Leather Armchair, Adjustable",
            "total_sales": 1818.84,
            "total_quantity": 4
        },
        {
            "Year_Month": "2016-11",
            "Product Name": "Novimex Executive Leather Armchair, Adjustable",
            "total_sales": 2004.288,
            "total_quantity": 8
        },
        {
            "Year_Month": "2016-11",
            "Product Name": "Office Star Executive Leather Armchair, Adjustable",
            "total_sales": 1268.784,
            "total_quantity": 3
        },
        {
            "Year_Month": "2016-11",
            "Product Name": "SAFCO Executive Leather Armchair, Black",
            "total_sales": 5370.299999999999,
            "total_quantity": 13
        },
        {
            "Year_Month": "2016-12",
            "Product Name": "Harbour Creations Executive Leather Armchair, Adjustable",
            "total_sales": 1413.54,
            "total_quantity": 4
        },
        {
            "Year_Month": "2016-12",
            "Product Name": "Hon Executive Leather Armchair, Adjustable",
            "total_sales": 1532.1,
            "total_quantity": 5
        },
        {
            "Year_Month": "2016-12",
            "Product Name": "Novimex Executive Leather Armchair, Adjustable",
            "total_sales": 1406.768,
            "total_quantity": 5
        },
        {
            "Year_Month": "2016-12",
            "Product Name": "Office Star Executive Leather Armchair, Adjustable",
            "total_sales": 1819.404,
            "total_quantity": 5
        },
        {
            "Year_Month": "2016-12",
            "Product Name": "SAFCO Executive Leather Armchair, Black",
            "total_sales": 459.0,
            "total_quantity": 1
        },
        {
            "Year_Month": "2017-01",
            "Product Name": "Harbour Creations Executive Leather Armchair, Adjustable",
            "total_sales": 1428.3,
            "total_quantity": 4
        },
        {
            "Year_Month": "2017-01",
            "Product Name": "Hon Executive Leather Armchair, Adjustable",
            "total_sales": 970.048,
            "total_quantity": 4
        },
        {
            "Year_Month": "2017-01",
            "Product Name": "SAFCO Executive Leather Armchair, Black",
            "total_sales": 7458.75,
            "total_quantity": 17
        },
        {
            "Year_Month": "2017-02",
            "Product Name": "Harbour Creations Executive Leather Armchair, Adjustable",
            "total_sales": 714.15,
            "total_quantity": 2
        },
        {
            "Year_Month": "2017-02",
            "Product Name": "Hon Executive Leather Armchair, Adjustable",
            "total_sales": 2757.78,
            "total_quantity": 6
        },
        {
            "Year_Month": "2017-02",
            "Product Name": "Novimex Executive Leather Armchair, Adjustable",
            "total_sales": 1726.65,
            "total_quantity": 5
        },
        {
            "Year_Month": "2017-02",
            "Product Name": "Office Star Executive Leather Armchair, Adjustable",
            "total_sales": 1046.25,
            "total_quantity": 3
        },
        {
            "Year_Month": "2017-02",
            "Product Name": "SAFCO Executive Leather Armchair, Black",
            "total_sales": 1652.4,
            "total_quantity": 4
        },
        {
            "Year_Month": "2017-03",
            "Product Name": "Harbour Creations Executive Leather Armchair, Adjustable",
            "total_sales": 571.32,
            "total_quantity": 4
        },
        {
            "Year_Month": "2017-03",
            "Product Name": "Hon Executive Leather Armchair, Adjustable",
            "total_sales": 2249.14,
            "total_quantity": 10
        },
        {
            "Year_Month": "2017-03",
            "Product Name": "Novimex Executive Leather Armchair, Adjustable",
            "total_sales": 1680.606,
            "total_quantity": 5
        },
        {
            "Year_Month": "2017-03",
            "Product Name": "Office Star Executive Leather Armchair, Adjustable",
            "total_sales": 3012.248,
            "total_quantity": 8
        },
        {
            "Year_Month": "2017-04",
            "Product Name": "SAFCO Executive Leather Armchair, Black",
            "total_sales": 734.4,
            "total_quantity": 4
        },
        {
            "Year_Month": "2017-05",
            "Product Name": "Harbour Creations Executive Leather Armchair, Adjustable",
            "total_sales": 952.2,
            "total_quantity": 2
        },
        {
            "Year_Month": "2017-05",
            "Product Name": "Hon Executive Leather Armchair, Adjustable",
            "total_sales": 181.884,
            "total_quantity": 1
        },
        {
            "Year_Month": "2017-05",
            "Product Name": "Novimex Executive Leather Armchair, Adjustable",
            "total_sales": 455.52,
            "total_quantity": 1
        },
        {
            "Year_Month": "2017-05",
            "Product Name": "Office Star Executive Leather Armchair, Adjustable",
            "total_sales": 1395.0,
            "total_quantity": 3
        },
        {
            "Year_Month": "2017-06",
            "Product Name": "Harbour Creations Executive Leather Armchair, Adjustable",
            "total_sales": 942.36,
            "total_quantity": 3
        },
        {
            "Year_Month": "2017-06",
            "Product Name": "Hon Executive Leather Armchair, Adjustable",
            "total_sales": 1227.717,
            "total_quantity": 3
        },
        {
            "Year_Month": "2017-06",
            "Product Name": "Novimex Executive Leather Armchair, Adjustable",
            "total_sales": 460.44,
            "total_quantity": 1
        },
        {
            "Year_Month": "2017-06",
            "Product Name": "Office Star Executive Leather Armchair, Adjustable",
            "total_sales": 2537.5679999999998,
            "total_quantity": 6
        },
        {
            "Year_Month": "2017-06",
            "Product Name": "SAFCO Executive Leather Armchair, Black",
            "total_sales": 459.0,
            "total_quantity": 1
        },
        {
            "Year_Month": "2017-07",
            "Product Name": "Harbour Creations Executive Leather Armchair, Adjustable",
            "total_sales": 2205.1223999999997,
            "total_quantity": 7
        },
        {
            "Year_Month": "2017-07",
            "Product Name": "Hon Executive Leather Armchair, Adjustable",
            "total_sales": 612.84,
            "total_quantity": 2
        },
        {
            "Year_Month": "2017-07",
            "Product Name": "Novimex Executive Leather Armchair, Adjustable",
            "total_sales": 2900.1440000000002,
            "total_quantity": 9
        },
        {
            "Year_Month": "2017-07",
            "Product Name": "SAFCO Executive Leather Armchair, Black",
            "total_sales": 734.4,
            "total_quantity": 3
        },
        {
            "Year_Month": "2017-08",
            "Product Name": "Harbour Creations Executive Leather Armchair, Adjustable",
            "total_sales": 1904.4,
            "total_quantity": 4
        },
        {
            "Year_Month": "2017-08",
            "Product Name": "Hon Executive Leather Armchair, Adjustable",
            "total_sales": 1006.5897,
            "total_quantity": 3
        },
        {
            "Year_Month": "2017-08",
            "Product Name": "Office Star Executive Leather Armchair, Adjustable",
            "total_sales": 469.92,
            "total_quantity": 1
        },
        {
            "Year_Month": "2017-09",
            "Product Name": "Hon Executive Leather Armchair, Adjustable",
            "total_sales": 2141.8758,
            "total_quantity": 8
        },
        {
            "Year_Month": "2017-09",
            "Product Name": "Office Star Executive Leather Armchair, Adjustable",
            "total_sales": 930.0,
            "total_quantity": 2
        },
        {
            "Year_Month": "2017-09",
            "Product Name": "SAFCO Executive Leather Armchair, Black",
            "total_sales": 734.4,
            "total_quantity": 2
        },
        {
            "Year_Month": "2017-10",
            "Product Name": "Hon Executive Leather Armchair, Adjustable",
            "total_sales": 2482.002,
            "total_quantity": 6
        },
        {
            "Year_Month": "2017-10",
            "Product Name": "Office Star Executive Leather Armchair, Adjustable",
            "total_sales": 4565.856,
            "total_quantity": 10
        },
        {
            "Year_Month": "2017-11",
            "Product Name": "Harbour Creations Executive Leather Armchair, Adjustable",
            "total_sales": 3284.56,
            "total_quantity": 9
        },
        {
            "Year_Month": "2017-11",
            "Product Name": "Hon Executive Leather Armchair, Adjustable",
            "total_sales": 8040.192999999999,
            "total_quantity": 20
        },
        {
            "Year_Month": "2017-11",
            "Product Name": "Novimex Executive Leather Armchair, Adjustable",
            "total_sales": 1188.288,
            "total_quantity": 5
        },
        {
            "Year_Month": "2017-11",
            "Product Name": "Office Star Executive Leather Armchair, Adjustable",
            "total_sales": 1495.8719999999998,
            "total_quantity": 6
        },
        {
            "Year_Month": "2017-11",
            "Product Name": "SAFCO Executive Leather Armchair, Black",
            "total_sales": 459.0,
            "total_quantity": 1
        },
        {
            "Year_Month": "2017-12",
            "Product Name": "Harbour Creations Executive Leather Armchair, Adjustable",
            "total_sales": 1269.6,
            "total_quantity": 4
        },
        {
            "Year_Month": "2017-12",
            "Product Name": "Hon Executive Leather Armchair, Adjustable",
            "total_sales": 4731.142,
            "total_quantity": 17
        },
        {
            "Year_Month": "2017-12",
            "Product Name": "Novimex Executive Leather Armchair, Adjustable",
            "total_sales": 1473.408,
            "total_quantity": 8
        }
    ],
    "most_frequent_order_month": [
        {
            "Order Month": "2014-12",
            "Order Count": 249
        },
        {
            "Order Month": "2014-09",
            "Order Count": 209
        },
        {
            "Order Month": "2014-11",
            "Order Count": 206
        },
        {
            "Order Month": "2014-10",
            "Order Count": 175
        },
        {
            "Order Month": "2014-06",
            "Order Count": 174
        },
        {
            "Order Month": "2017-12",
            "Order Count": 161
        },
        {
            "Order Month": "2014-08",
            "Order Count": 144
        },
        {
            "Order Month": "2017-09",
            "Order Count": 144
        },
        {
            "Order Month": "2014-05",
            "Order Count": 132
        },
        {
            "Order Month": "2017-11",
            "Order Count": 127
        },
        {
            "Order Month": "2016-09",
            "Order Count": 121
        },
        {
            "Order Month": "2013-09",
            "Order Count": 121
        },
        {
            "Order Month": "2015-11",
            "Order Count": 119
        },
        {
            "Order Month": "2012-11",
            "Order Count": 119
        },
        {
            "Order Month": "2016-11",
            "Order Count": 114
        },
        {
            "Order Month": "2013-11",
            "Order Count": 114
        },
        {
            "Order Month": "2017-10",
            "Order Count": 114
        },
        {
            "Order Month": "2017-06",
            "Order Count": 113
        },
        {
            "Order Month": "2016-12",
            "Order Count": 107
        },
        {
            "Order Month": "2013-12",
            "Order Count": 107
        }
    ],
    "time_series_analysis": [
        {
            "Order Date": "2011-01",
            "Sales": 11289.9395,
            "Quantity": 74,
            "Sales_MA": NaN
        },
        {
            "Order Date": "2011-02",
            "Sales": 10444.7625,
            "Quantity": 66,
            "Sales_MA": NaN
        },
        {
            "Order Date": "2011-03",
            "Sales": 21574.2488,
            "Quantity": 150,
            "Sales_MA": 14436.316933333335
        },
        {
            "Order Date": "2011-04",
            "Sales": 15181.8316,
            "Quantity": 131,
            "Sales_MA": 15733.614300000001
        },
        {
            "Order Date": "2011-05",
            "Sales": 14676.140099999999,
            "Quantity": 112,
            "Sales_MA": 17144.073500000002
        },
        {
            "Order Date": "2011-06",
            "Sales": 27237.0973,
            "Quantity": 256,
            "Sales_MA": 19031.68966666667
        },
        {
            "Order Date": "2011-07",
            "Sales": 11602.628,
            "Quantity": 95,
            "Sales_MA": 17838.6218
        },
        {
            "Order Date": "2011-08",
            "Sales": 30551.809,
            "Quantity": 232,
            "Sales_MA": 23130.511433333333
        },
        {
            "Order Date": "2011-09",
            "Sales": 32367.0625,
            "Quantity": 248,
            "Sales_MA": 24840.499833333335
        },
        {
            "Order Date": "2011-10",
            "Sales": 31252.7817,
            "Quantity": 250,
            "Sales_MA": 31390.551066666667
        },
        {
            "Order Date": "2011-11",
            "Sales": 31215.612399999998,
            "Quantity": 295,
            "Sales_MA": 31611.81886666667
        },
        {
            "Order Date": "2011-12",
            "Sales": 48337.0627,
            "Quantity": 386,
            "Sales_MA": 36935.152266666664
        },
        {
            "Order Date": "2012-01",
            "Sales": 11344.4433,
            "Quantity": 99,
            "Sales_MA": 30299.039466666665
        },
        {
            "Order Date": "2012-02",
            "Sales": 13512.0352,
            "Quantity": 123,
            "Sales_MA": 24397.84706666667
        },
        {
            "Order Date": "2012-03",
            "Sales": 13052.1641,
            "Quantity": 132,
            "Sales_MA": 12636.2142
        },
        {
            "Order Date": "2012-04",
            "Sales": 15656.9148,
            "Quantity": 157,
            "Sales_MA": 14073.704700000002
        },
        {
            "Order Date": "2012-05",
            "Sales": 21917.1466,
            "Quantity": 164,
            "Sales_MA": 16875.4085
        },
        {
            "Order Date": "2012-06",
            "Sales": 23350.564000000002,
            "Quantity": 242,
            "Sales_MA": 20308.208466666667
        },
        {
            "Order Date": "2012-07",
            "Sales": 19191.9976,
            "Quantity": 211,
            "Sales_MA": 21486.5694
        },
        {
            "Order Date": "2012-08",
            "Sales": 30408.672699999996,
            "Quantity": 174,
            "Sales_MA": 24317.0781
        },
        {
            "Order Date": "2012-09",
            "Sales": 32848.0596,
            "Quantity": 282,
            "Sales_MA": 27482.90996666667
        },
        {
            "Order Date": "2012-10",
            "Sales": 30222.862299999997,
            "Quantity": 235,
            "Sales_MA": 31159.864866666667
        },
        {
            "Order Date": "2012-11",
            "Sales": 48075.027,
            "Quantity": 437,
            "Sales_MA": 37048.649633333334
        },
        {
            "Order Date": "2012-12",
            "Sales": 35478.2524,
            "Quantity": 259,
            "Sales_MA": 37925.38056666667
        },
        {
            "Order Date": "2013-01",
            "Sales": 22676.8316,
            "Quantity": 165,
            "Sales_MA": 35410.037000000004
        },
        {
            "Order Date": "2013-02",
            "Sales": 17265.7275,
            "Quantity": 152,
            "Sales_MA": 25140.2705
        },
        {
            "Order Date": "2013-03",
            "Sales": 30729.932099999998,
            "Quantity": 247,
            "Sales_MA": 23557.497066666667
        },
        {
            "Order Date": "2013-04",
            "Sales": 27261.942,
            "Quantity": 229,
            "Sales_MA": 25085.867199999997
        },
        {
            "Order Date": "2013-05",
            "Sales": 34313.6375,
            "Quantity": 297,
            "Sales_MA": 30768.503866666666
        },
        {
            "Order Date": "2013-06",
            "Sales": 44944.9404,
            "Quantity": 334,
            "Sales_MA": 35506.83996666666
        },
        {
            "Order Date": "2013-07",
            "Sales": 33276.5656,
            "Quantity": 257,
            "Sales_MA": 37511.7145
        },
        {
            "Order Date": "2013-08",
            "Sales": 39961.6585,
            "Quantity": 331,
            "Sales_MA": 39394.388166666664
        },
        {
            "Order Date": "2013-09",
            "Sales": 46821.987499999996,
            "Quantity": 387,
            "Sales_MA": 40020.070533333324
        },
        {
            "Order Date": "2013-10",
            "Sales": 36834.3545,
            "Quantity": 322,
            "Sales_MA": 41206.000166666665
        },
        {
            "Order Date": "2013-11",
            "Sales": 47624.9307,
            "Quantity": 395,
            "Sales_MA": 43760.42423333333
        },
        {
            "Order Date": "2013-12",
            "Sales": 45801.8653,
            "Quantity": 376,
            "Sales_MA": 43420.3835
        },
        {
            "Order Date": "2014-01",
            "Sales": 44599.3975,
            "Quantity": 292,
            "Sales_MA": 46008.731166666665
        },
        {
            "Order Date": "2014-02",
            "Sales": 36116.4249,
            "Quantity": 270,
            "Sales_MA": 42172.56256666667
        },
        {
            "Order Date": "2014-03",
            "Sales": 51712.5389,
            "Quantity": 395,
            "Sales_MA": 44142.787099999994
        },
        {
            "Order Date": "2014-04",
            "Sales": 32714.9436,
            "Quantity": 334,
            "Sales_MA": 40181.30246666667
        },
        {
            "Order Date": "2014-05",
            "Sales": 58063.6282,
            "Quantity": 463,
            "Sales_MA": 47497.0369
        },
        {
            "Order Date": "2014-06",
            "Sales": 69468.3016,
            "Quantity": 606,
            "Sales_MA": 53415.62446666667
        },
        {
            "Order Date": "2014-07",
            "Sales": 35929.9908,
            "Quantity": 306,
            "Sales_MA": 54487.30686666667
        },
        {
            "Order Date": "2014-08",
            "Sales": 69841.7119,
            "Quantity": 511,
            "Sales_MA": 58413.33476666667
        },
        {
            "Order Date": "2014-09",
            "Sales": 92314.2416,
            "Quantity": 736,
            "Sales_MA": 66028.64809999999
        },
        {
            "Order Date": "2014-10",
            "Sales": 76125.5807,
            "Quantity": 691,
            "Sales_MA": 79427.17806666666
        },
        {
            "Order Date": "2014-11",
            "Sales": 100709.5848,
            "Quantity": 788,
            "Sales_MA": 89716.46903333334
        },
        {
            "Order Date": "2014-12",
            "Sales": 111512.9069,
            "Quantity": 937,
            "Sales_MA": 96116.02413333334
        },
        {
            "Order Date": "2015-01",
            "Sales": 11606.877700000001,
            "Quantity": 103,
            "Sales_MA": 74609.7898
        },
        {
            "Order Date": "2015-02",
            "Sales": 13249.6008,
            "Quantity": 119,
            "Sales_MA": 45456.4618
        },
        {
            "Order Date": "2015-03",
            "Sales": 13052.1641,
            "Quantity": 132,
            "Sales_MA": 12636.2142
        },
        {
            "Order Date": "2015-04",
            "Sales": 15656.9148,
            "Quantity": 157,
            "Sales_MA": 13986.226566666666
        },
        {
            "Order Date": "2015-05",
            "Sales": 21917.1466,
            "Quantity": 164,
            "Sales_MA": 16875.4085
        },
        {
            "Order Date": "2015-06",
            "Sales": 23350.564,
            "Quantity": 242,
            "Sales_MA": 20308.208466666667
        },
        {
            "Order Date": "2015-07",
            "Sales": 19191.9976,
            "Quantity": 211,
            "Sales_MA": 21486.569399999997
        },
        {
            "Order Date": "2015-08",
            "Sales": 30408.6727,
            "Quantity": 174,
            "Sales_MA": 24317.0781
        },
        {
            "Order Date": "2015-09",
            "Sales": 32848.0596,
            "Quantity": 282,
            "Sales_MA": 27482.90996666667
        },
        {
            "Order Date": "2015-10",
            "Sales": 30222.8623,
            "Quantity": 235,
            "Sales_MA": 31159.864866666667
        },
        {
            "Order Date": "2015-11",
            "Sales": 48075.027,
            "Quantity": 437,
            "Sales_MA": 37048.649633333334
        },
        {
            "Order Date": "2015-12",
            "Sales": 35478.2524,
            "Quantity": 259,
            "Sales_MA": 37925.38056666667
        },
        {
            "Order Date": "2016-01",
            "Sales": 22676.8316,
            "Quantity": 165,
            "Sales_MA": 35410.037000000004
        },
        {
            "Order Date": "2016-02",
            "Sales": 17265.7275,
            "Quantity": 152,
            "Sales_MA": 25140.2705
        },
        {
            "Order Date": "2016-03",
            "Sales": 30729.9321,
            "Quantity": 247,
            "Sales_MA": 23557.497066666667
        },
        {
            "Order Date": "2016-04",
            "Sales": 27261.942,
            "Quantity": 229,
            "Sales_MA": 25085.867199999997
        },
        {
            "Order Date": "2016-05",
            "Sales": 34313.6375,
            "Quantity": 297,
            "Sales_MA": 30768.503866666666
        },
        {
            "Order Date": "2016-06",
            "Sales": 44944.9404,
            "Quantity": 334,
            "Sales_MA": 35506.83996666666
        },
        {
            "Order Date": "2016-07",
            "Sales": 33276.5656,
            "Quantity": 257,
            "Sales_MA": 37511.7145
        },
        {
            "Order Date": "2016-08",
            "Sales": 39961.6585,
            "Quantity": 331,
            "Sales_MA": 39394.388166666664
        },
        {
            "Order Date": "2016-09",
            "Sales": 46821.9875,
            "Quantity": 387,
            "Sales_MA": 40020.07053333333
        },
        {
            "Order Date": "2016-10",
            "Sales": 36834.3545,
            "Quantity": 322,
            "Sales_MA": 41206.00016666667
        },
        {
            "Order Date": "2016-11",
            "Sales": 47624.9307,
            "Quantity": 395,
            "Sales_MA": 43760.42423333333
        },
        {
            "Order Date": "2016-12",
            "Sales": 45801.8653,
            "Quantity": 376,
            "Sales_MA": 43420.383499999996
        },
        {
            "Order Date": "2017-01",
            "Sales": 33309.458,
            "Quantity": 218,
            "Sales_MA": 42245.418
        },
        {
            "Order Date": "2017-02",
            "Sales": 22816.4794,
            "Quantity": 176,
            "Sales_MA": 33975.93423333333
        },
        {
            "Order Date": "2017-03",
            "Sales": 32925.8651,
            "Quantity": 270,
            "Sales_MA": 29683.934166666662
        },
        {
            "Order Date": "2017-04",
            "Sales": 17600.72,
            "Quantity": 206,
            "Sales_MA": 24447.68816666667
        },
        {
            "Order Date": "2017-05",
            "Sales": 40133.5394,
            "Quantity": 333,
            "Sales_MA": 30220.041500000003
        },
        {
            "Order Date": "2017-06",
            "Sales": 45485.153,
            "Quantity": 368,
            "Sales_MA": 34406.4708
        },
        {
            "Order Date": "2017-07",
            "Sales": 21630.3808,
            "Quantity": 198,
            "Sales_MA": 35749.69106666666
        },
        {
            "Order Date": "2017-08",
            "Sales": 41327.7069,
            "Quantity": 290,
            "Sales_MA": 36147.74689999999
        },
        {
            "Order Date": "2017-09",
            "Sales": 60606.3571,
            "Quantity": 490,
            "Sales_MA": 41188.14826666666
        },
        {
            "Order Date": "2017-10",
            "Sales": 44356.619,
            "Quantity": 430,
            "Sales_MA": 48763.560999999994
        },
        {
            "Order Date": "2017-11",
            "Sales": 65369.0144,
            "Quantity": 481,
            "Sales_MA": 56777.330166666674
        },
        {
            "Order Date": "2017-12",
            "Sales": 67816.9822,
            "Quantity": 574,
            "Sales_MA": 59180.87186666666
        }
    ],
    "customer_segmentation": [
        {
            "Customer Name": "Sean Christensen",
            "total_spent": 21861.232,
            "purchase_frequency": 10,
            "average_order_value": 1561.5165714285715
        },
        {
            "Customer Name": "Greg Tran",
            "total_spent": 17896.17,
            "purchase_frequency": 12,
            "average_order_value": 1491.3474999999999
        },
        {
            "Customer Name": "Harry Greene",
            "total_spent": 17471.714,
            "purchase_frequency": 18,
            "average_order_value": 794.1688181818182
        },
        {
            "Customer Name": "Magdelene Morse",
            "total_spent": 17333.284,
            "purchase_frequency": 14,
            "average_order_value": 1083.33025
        },
        {
            "Customer Name": "Seth Vernon",
            "total_spent": 14203.524,
            "purchase_frequency": 14,
            "average_order_value": 710.1762
        },
        {
            "Customer Name": "Peter Fuller",
            "total_spent": 13765.39,
            "purchase_frequency": 16,
            "average_order_value": 688.2695
        },
        {
            "Customer Name": "Ted Trevino",
            "total_spent": 13654.75,
            "purchase_frequency": 12,
            "average_order_value": 1137.8958333333333
        },
        {
            "Customer Name": "Katherine Nockton",
            "total_spent": 13120.887999999999,
            "purchase_frequency": 10,
            "average_order_value": 1312.0888
        },
        {
            "Customer Name": "Tom Prescott",
            "total_spent": 12646.588,
            "purchase_frequency": 10,
            "average_order_value": 1264.6588
        },
        {
            "Customer Name": "Odella Nelson",
            "total_spent": 12621.82,
            "purchase_frequency": 14,
            "average_order_value": 901.5585714285714
        }
    ],
    "discount_analysis": [
        {
            "Discount": 0.0,
            "total_sales": 1277595.2,
            "total_quantity": 9096,
            "average_profit": 114.1597
        },
        {
            "Discount": 0.1,
            "total_sales": 612073.548,
            "total_quantity": 3954,
            "average_profit": 96.5483
        },
        {
            "Discount": 0.2,
            "total_sales": 529506.048,
            "total_quantity": 4912,
            "average_profit": 16.6664
        },
        {
            "Discount": 0.25,
            "total_sales": 81187.56,
            "total_quantity": 636,
            "average_profit": 16.9264
        },
        {
            "Discount": 0.27,
            "total_sales": 127826.2704,
            "total_quantity": 1170,
            "average_profit": -9.2255
        },
        {
            "Discount": 0.3,
            "total_sales": 140011.004,
            "total_quantity": 1228,
            "average_profit": -42.64
        },
        {
            "Discount": 0.4,
            "total_sales": 116208.996,
            "total_quantity": 1792,
            "average_profit": -69.5419
        },
        {
            "Discount": 0.5,
            "total_sales": 38918.79,
            "total_quantity": 494,
            "average_profit": -167.8658
        },
        {
            "Discount": 0.6,
            "total_sales": 63132.528,
            "total_quantity": 1110,
            "average_profit": -162.2382
        },
        {
            "Discount": 0.7,
            "total_sales": 16903.584,
            "total_quantity": 280,
            "average_profit": -210.0703
        }
    ],
    "geographic_distribution": [
        {
            "State": "New York",
            "City": "New York City",
            "total_sales": 80299.386,
            "total_quantity": 530,
            "Location": "New York, New York City"
        },
        {
            "State": "New South Wales",
            "City": "Sydney",
            "total_sales": 38174.382,
            "total_quantity": 206,
            "Location": "New South Wales, Sydney"
        },
        {
            "State": "California",
            "City": "Los Angeles",
            "total_sales": 35309.248,
            "total_quantity": 306,
            "Location": "California, Los Angeles"
        },
        {
            "State": "Pennsylvania",
            "City": "Philadelphia",
            "total_sales": 34015.94,
            "total_quantity": 278,
            "Location": "Pennsylvania, Philadelphia"
        },
        {
            "State": "Washington",
            "City": "Seattle",
            "total_sales": 28042.976000000002,
            "total_quantity": 208,
            "Location": "Washington, Seattle"
        },
        {
            "State": "National Capital Region",
            "City": "Manila",
            "total_sales": 27475.335,
            "total_quantity": 189,
            "Location": "National Capital Region, Manila"
        },
        {
            "State": "National Capital",
            "City": "Manila",
            "total_sales": 27475.335,
            "total_quantity": 189,
            "Location": "National Capital, Manila"
        },
        {
            "State": "Santo Domingo",
            "City": "Santo Domingo",
            "total_sales": 27359.776,
            "total_quantity": 380,
            "Location": "Santo Domingo, Santo Domingo"
        },
        {
            "State": "Queensland",
            "City": "Gold Coast",
            "total_sales": 26868.888,
            "total_quantity": 140,
            "Location": "Queensland, Gold Coast"
        },
        {
            "State": "California",
            "City": "San Francisco",
            "total_sales": 26580.688000000002,
            "total_quantity": 162,
            "Location": "California, San Francisco"
        },
        {
            "State": "California",
            "City": "San Diego",
            "total_sales": 25232.144,
            "total_quantity": 146,
            "Location": "California, San Diego"
        },
        {
            "State": "Michigan",
            "City": "Detroit",
            "total_sales": 24069.18,
            "total_quantity": 128,
            "Location": "Michigan, Detroit"
        },
        {
            "State": "South Australia",
            "City": "Adelaide",
            "total_sales": 22956.048,
            "total_quantity": 120,
            "Location": "South Australia, Adelaide"
        },
        {
            "State": "Distrito Federal",
            "City": "Mexico City",
            "total_sales": 22544.543999999998,
            "total_quantity": 256,
            "Location": "Distrito Federal, Mexico City"
        },
        {
            "State": "San Salvador",
            "City": "San Salvador",
            "total_sales": 21454.32,
            "total_quantity": 188,
            "Location": "San Salvador, San Salvador"
        }
    ],
    "ship_mode_analysis": {
        "First Class": {
            "total_orders": 906,
            "avg_shipping_delay": 2.17,
            "total_profit": 40781.66,
            "shipping_cost_ratio": 0.18
        },
        "Same Day": {
            "total_orders": 340,
            "avg_shipping_delay": 0.04,
            "total_profit": 15622.88,
            "shipping_cost_ratio": 0.17
        },
        "Second Class": {
            "total_orders": 1344,
            "avg_shipping_delay": 3.29,
            "total_profit": 62968.52,
            "shipping_cost_ratio": 0.12
        },
        "Standard Class": {
            "total_orders": 3804,
            "avg_shipping_delay": 5.05,
            "total_profit": 161419.47,
            "shipping_cost_ratio": 0.08
        }
    },
    "order_priority_analysis": {
        "Critical": {
            "avg_profit_margin": 0.03388912916604361,
            "common_ship_mode": "First Class"
        },
        "High": {
            "avg_profit_margin": 0.02214734806090598,
            "common_ship_mode": "Standard Class"
        },
        "Low": {
            "avg_profit_margin": 0.009892341912102172,
            "common_ship_mode": "Standard Class"
        },
        "Medium": {
            "avg_profit_margin": 0.02632120392275454,
            "common_ship_mode": "Standard Class"
        }
    },
    "rfm_analysis": {
        "rfm_stats": {
            "recency": {
                "count": 782.0,
                "mean": 254.22634271099744,
                "std": 282.3808666057589,
                "min": 0.0,
                "25%": 49.0,
                "50%": 139.5,
                "75%": 384.5,
                "max": 1440.0
            },
            "frequency": {
                "count": 782.0,
                "mean": 8.177749360613811,
                "std": 3.986901222226787,
                "min": 2.0,
                "25%": 6.0,
                "50%": 8.0,
                "75%": 10.0,
                "max": 24.0
            },
            "monetary": {
                "count": 782.0,
                "mean": 3840.618322762148,
                "std": 2943.3033589903157,
                "min": 38.112,
                "25%": 1662.369,
                "50%": 3144.7780000000002,
                "75%": 5248.759,
                "max": 21861.232
            }
        },
        "rfm_segments": {
            "High": 261,
            "Low": 261,
            "Medium": 260
        }
    },
    "churn_analysis": {
        "total_customers": 4088,
        "churned_customers": 3045,
        "churn_rate": 0.7448630136986302,
        "avg_recency": 813.7186888454012,
        "avg_frequency": 1.6800391389432485,
        "avg_monetary": 734.6779668297456,
        "churned_customer_characteristics": {
            "avg_recency": 1041.2440065681444,
            "avg_frequency": 1.8443349753694582,
            "avg_monetary": 811.388575139573,
            "avg_discount": 0.16271970988325668,
            "avg_quantity": 3.5304152242575886,
            "avg_shipping_cost": 48.03719043458275,
            "avg_profit": 40.23504063888119
        },
        "active_customer_characteristics": {
            "avg_recency": 149.46692233940556,
            "avg_frequency": 1.2003835091083412,
            "avg_monetary": 510.72417746883997,
            "avg_discount": 0.1630639638405698,
            "avg_quantity": 3.4829817833173538,
            "avg_shipping_cost": 45.25184771492489,
            "avg_profit": 34.76518473725061
        }
    }
}