{
    "segment_distribution": {
        "Consumer": [
            3501,
            0.5
        ],
        "Corporate": [
            2120,
            0.3
        ],
        "Home Office": [
            1409,
            0.2
        ]
    },
    "segment_quantity": {
        "Consumer": 3.65,
        "Corporate": 3.57,
        "Home Office": 3.65
    },
    "segment_unit_price": {
        "Consumer": 18.64,
        "Corporate": 18.94,
        "Home Office": 20.32
    },
    "segment_profit": {
        "Consumer": 4.35,
        "Corporate": 4.6,
        "Home Office": 5.24
    },
    "segment_discount": {
        "Consumer": 0.11,
        "Corporate": 0.11,
        "Home Office": 0.11
    },
    "region_distribution": {
        "Central": [
            750,
            0.11
        ],
        "South": [
            513,
            0.07
        ],
        "Oceania": [
            458,
            0.07
        ],
        "West": [
            450,
            0.06
        ],
        "Western US": [
            441,
            0.06
        ],
        "East": [
            378,
            0.05
        ],
        "Eastern US": [
            363,
            0.05
        ],
        "Central America": [
            326,
            0.05
        ],
        "Central US": [
            308,
            0.04
        ],
        "Western Europe": [
            246,
            0.03
        ],
        "North": [
            232,
            0.03
        ],
        "Caribbean": [
            222,
            0.03
        ],
        "Southern US": [
            212,
            0.03
        ],
        "EMEA": [
            206,
            0.03
        ],
        "Africa": [
            203,
            0.03
        ],
        "South America": [
            184,
            0.03
        ],
        "Southeast Asia": [
            169,
            0.02
        ],
        "Southeastern Asia": [
            169,
            0.02
        ],
        "Southern Asia": [
            153,
            0.02
        ],
        "Eastern Asia": [
            150,
            0.02
        ],
        "North Asia": [
            148,
            0.02
        ],
        "Central Asia": [
            137,
            0.02
        ],
        "Southern Europe": [
            110,
            0.02
        ],
        "Western Asia": [
            101,
            0.01
        ],
        "Northern Europe": [
            93,
            0.01
        ],
        "Eastern Europe": [
            71,
            0.01
        ],
        "Western Africa": [
            68,
            0.01
        ],
        "North Africa": [
            55,
            0.01
        ],
        "Canada": [
            34,
            0.0
        ],
        "Central Africa": [
            29,
            0.0
        ],
        "Eastern Africa": [
            29,
            0.0
        ],
        "Southern Africa": [
            22,
            0.0
        ]
    },
    "region_quantity": {
        "Africa": 2.62,
        "Canada": 3.18,
        "Caribbean": 3.67,
        "Central": 3.77,
        "Central Africa": 2.83,
        "Central America": 3.77,
        "Central Asia": 4.13,
        "Central US": 3.85,
        "EMEA": 2.18,
        "East": 3.7,
        "Eastern Africa": 2.34,
        "Eastern Asia": 3.65,
        "Eastern Europe": 2.24,
        "Eastern US": 3.74,
        "North": 3.76,
        "North Africa": 2.89,
        "North Asia": 3.68,
        "Northern Europe": 3.46,
        "Oceania": 3.63,
        "South": 3.92,
        "South America": 4.03,
        "Southeast Asia": 3.8,
        "Southeastern Asia": 3.8,
        "Southern Africa": 2.41,
        "Southern Asia": 3.91,
        "Southern Europe": 3.81,
        "Southern US": 3.85,
        "West": 3.78,
        "Western Africa": 2.5,
        "Western Asia": 2.03,
        "Western Europe": 3.83,
        "Western US": 3.78
    },
    "region_sales": {
        "Africa": 66.5,
        "Canada": 89.38,
        "Caribbean": 64.74,
        "Central": 69.1,
        "Central Africa": 87.03,
        "Central America": 62.67,
        "Central Asia": 109.61,
        "Central US": 54.2,
        "EMEA": 49.77,
        "East": 53.37,
        "Eastern Africa": 52.52,
        "Eastern Asia": 94.96,
        "Eastern Europe": 62.58,
        "Eastern US": 53.63,
        "North": 73.3,
        "North Africa": 98.3,
        "North Asia": 95.88,
        "Northern Europe": 75.41,
        "Oceania": 85.63,
        "South": 70.7,
        "South America": 57.47,
        "Southeast Asia": 67.35,
        "Southeastern Asia": 67.35,
        "Southern Africa": 66.73,
        "Southern Asia": 105.92,
        "Southern Europe": 105.72,
        "Southern US": 64.58,
        "West": 59.25,
        "Western Africa": 37.91,
        "Western Asia": 36.39,
        "Western Europe": 97.99,
        "Western US": 59.23
    },
    "region_unit_price": {
        "Africa": 25.37,
        "Canada": 28.14,
        "Caribbean": 17.66,
        "Central": 18.32,
        "Central Africa": 30.78,
        "Central America": 16.64,
        "Central Asia": 26.53,
        "Central US": 14.09,
        "EMEA": 22.83,
        "East": 14.41,
        "Eastern Africa": 22.4,
        "Eastern Asia": 26.04,
        "Eastern Europe": 27.95,
        "Eastern US": 14.32,
        "North": 19.5,
        "North Africa": 34.0,
        "North Asia": 26.08,
        "Northern Europe": 21.78,
        "Oceania": 23.57,
        "South": 18.05,
        "South America": 14.25,
        "Southeast Asia": 17.73,
        "Southeastern Asia": 17.73,
        "Southern Africa": 27.7,
        "Southern Asia": 27.1,
        "Southern Europe": 27.75,
        "Southern US": 16.76,
        "West": 15.67,
        "Western Africa": 15.16,
        "Western Asia": 17.93,
        "Western Europe": 25.62,
        "Western US": 15.67
    },
    "region_discount": {
        "Africa": 0.16,
        "Canada": 0.0,
        "Caribbean": 0.1,
        "Central": 0.11,
        "Central Africa": 0.0,
        "Central America": 0.07,
        "Central Asia": 0.08,
        "Central US": 0.13,
        "EMEA": 0.2,
        "East": 0.06,
        "Eastern Africa": 0.1,
        "Eastern Asia": 0.05,
        "Eastern Europe": 0.0,
        "Eastern US": 0.07,
        "North": 0.05,
        "North Africa": 0.0,
        "North Asia": 0.05,
        "Northern Europe": 0.14,
        "Oceania": 0.15,
        "South": 0.11,
        "South America": 0.17,
        "Southeast Asia": 0.38,
        "Southeastern Asia": 0.38,
        "Southern Africa": 0.0,
        "Southern Asia": 0.05,
        "Southern Europe": 0.01,
        "Southern US": 0.1,
        "West": 0.03,
        "Western Africa": 0.43,
        "Western Asia": 0.37,
        "Western Europe": 0.07,
        "Western US": 0.03
    },
    "region_profit": {
        "Africa": 3.88,
        "Canada": 6.92,
        "Caribbean": 3.17,
        "Central": 4.67,
        "Central Africa": 7.87,
        "Central America": 3.15,
        "Central Asia": 5.28,
        "Central US": 5.6,
        "EMEA": 1.98,
        "East": 6.44,
        "Eastern Africa": 4.34,
        "Eastern Asia": 5.55,
        "Eastern Europe": 6.83,
        "Eastern US": 6.4,
        "North": 4.4,
        "North Africa": 9.36,
        "North Asia": 5.57,
        "Northern Europe": 3.91,
        "Oceania": 3.24,
        "South": 4.75,
        "South America": 1.23,
        "Southeast Asia": -2.9,
        "Southeastern Asia": -2.9,
        "Southern Africa": 8.6,
        "Southern Asia": 5.79,
        "Southern Europe": 6.48,
        "Southern US": 7.03,
        "West": 7.12,
        "Western Africa": -4.83,
        "Western Asia": -3.08,
        "Western Europe": 5.21,
        "Western US": 7.13
    },
    "region_profit_margin": {
        "Africa": 0.15,
        "Canada": 0.25,
        "Caribbean": 0.18,
        "Central": 0.25,
        "Central Africa": 0.26,
        "Central America": 0.19,
        "Central Asia": 0.2,
        "Central US": 0.4,
        "EMEA": 0.09,
        "East": 0.45,
        "Eastern Africa": 0.19,
        "Eastern Asia": 0.21,
        "Eastern Europe": 0.24,
        "Eastern US": 0.45,
        "North": 0.23,
        "North Africa": 0.28,
        "North Asia": 0.21,
        "Northern Europe": 0.18,
        "Oceania": 0.14,
        "South": 0.26,
        "South America": 0.09,
        "Southeast Asia": -0.16,
        "Southeastern Asia": -0.16,
        "Southern Africa": 0.31,
        "Southern Asia": 0.21,
        "Southern Europe": 0.23,
        "Southern US": 0.42,
        "West": 0.45,
        "Western Africa": -0.32,
        "Western Asia": -0.17,
        "Western Europe": 0.2,
        "Western US": 0.45
    },
    "market_distribution": {
        "US": [
            1370,
            0.19
        ],
        "USCA": [
            1341,
            0.19
        ],
        "LATAM": [
            1242,
            0.18
        ],
        "Asia Pacific": [
            807,
            0.11
        ],
        "APAC": [
            678,
            0.1
        ],
        "Europe": [
            520,
            0.07
        ],
        "EU": [
            443,
            0.06
        ],
        "Africa": [
            406,
            0.06
        ],
        "EMEA": [
            206,
            0.03
        ],
        "Canada": [
            17,
            0.0
        ]
    },
    "market_quantity": {
        "APAC": 3.79,
        "Africa": 2.62,
        "Asia Pacific": 3.52,
        "Canada": 3.18,
        "EMEA": 2.18,
        "EU": 3.76,
        "Europe": 3.54,
        "LATAM": 3.83,
        "US": 3.78,
        "USCA": 3.79
    },
    "market_sales": {
        "APAC": 88.35,
        "Africa": 66.5,
        "Asia Pacific": 81.06,
        "Canada": 89.38,
        "EMEA": 49.77,
        "EU": 95.83,
        "Europe": 90.75,
        "LATAM": 61.5,
        "US": 57.28,
        "USCA": 57.79
    },
    "market_unit_price": {
        "APAC": 23.33,
        "Africa": 25.37,
        "Asia Pacific": 23.03,
        "Canada": 28.14,
        "EMEA": 22.83,
        "EU": 25.51,
        "Europe": 25.63,
        "LATAM": 16.07,
        "US": 15.16,
        "USCA": 15.25
    },
    "market_discount": {
        "APAC": 0.17,
        "Africa": 0.16,
        "Asia Pacific": 0.19,
        "Canada": 0.0,
        "EMEA": 0.2,
        "EU": 0.07,
        "Europe": 0.06,
        "LATAM": 0.11,
        "US": 0.07,
        "USCA": 0.07
    },
    "market_profit": {
        "APAC": 2.68,
        "Africa": 3.88,
        "Asia Pacific": 2.35,
        "Canada": 6.92,
        "EMEA": 1.98,
        "EU": 5.34,
        "Europe": 5.41,
        "LATAM": 2.56,
        "US": 6.58,
        "USCA": 6.56
    },
    "market_profit_margin": {
        "APAC": 0.11,
        "Africa": 0.15,
        "Asia Pacific": 0.1,
        "Canada": 0.25,
        "EMEA": 0.09,
        "EU": 0.21,
        "Europe": 0.21,
        "LATAM": 0.16,
        "US": 0.43,
        "USCA": 0.43
    },
    "country_distribution": {
        "United States": [
            2694,
            0.38
        ],
        "Australia": [
            380,
            0.05
        ],
        "Mexico": [
            282,
            0.04
        ],
        "China": [
            246,
            0.03
        ],
        "France": [
            238,
            0.03
        ],
        "India": [
            210,
            0.03
        ],
        "Brazil": [
            193,
            0.03
        ],
        "Germany": [
            152,
            0.02
        ],
        "Indonesia": [
            152,
            0.02
        ],
        "United Kingdom": [
            144,
            0.02
        ],
        "Italy": [
            121,
            0.02
        ],
        "Turkey": [
            116,
            0.02
        ],
        "Cuba": [
            98,
            0.01
        ],
        "Nicaragua": [
            96,
            0.01
        ],
        "El Salvador": [
            92,
            0.01
        ],
        "Dominican Republic": [
            92,
            0.01
        ],
        "Spain": [
            88,
            0.01
        ],
        "Honduras": [
            86,
            0.01
        ],
        "Nigeria": [
            84,
            0.01
        ],
        "Philippines": [
            70,
            0.01
        ],
        "New Zealand": [
            70,
            0.01
        ],
        "Guatemala": [
            64,
            0.01
        ],
        "Argentina": [
            52,
            0.01
        ],
        "Netherlands": [
            46,
            0.01
        ],
        "Democratic Republic of the Congo": [
            44,
            0.01
        ],
        "South Africa": [
            44,
            0.01
        ],
        "Iran": [
            42,
            0.01
        ],
        "Thailand": [
            36,
            0.01
        ],
        "Colombia": [
            36,
            0.01
        ],
        "Egypt": [
            36,
            0.01
        ],
        "Russia": [
            34,
            0.0
        ],
        "Canada": [
            34,
            0.0
        ],
        "Panama": [
            32,
            0.0
        ],
        "Austria": [
            32,
            0.0
        ],
        "Saudi Arabia": [
            32,
            0.0
        ],
        "Pakistan": [
            28,
            0.0
        ],
        "Algeria": [
            28,
            0.0
        ],
        "Morocco": [
            28,
            0.0
        ],
        "Vietnam": [
            26,
            0.0
        ],
        "Venezuela": [
            26,
            0.0
        ],
        "Ukraine": [
            26,
            0.0
        ],
        "South Korea": [
            26,
            0.0
        ],
        "Iraq": [
            24,
            0.0
        ],
        "Chile": [
            24,
            0.0
        ],
        "Poland": [
            22,
            0.0
        ],
        "Singapore": [
            22,
            0.0
        ],
        "Japan": [
            20,
            0.0
        ],
        "Bangladesh": [
            18,
            0.0
        ],
        "Peru": [
            18,
            0.0
        ],
        "Hungary": [
            16,
            0.0
        ],
        "Sweden": [
            16,
            0.0
        ],
        "Belgium": [
            16,
            0.0
        ],
        "Ghana": [
            16,
            0.0
        ],
        "Myanmar (Burma)": [
            16,
            0.0
        ],
        "Czech Republic": [
            16,
            0.0
        ],
        "Malaysia": [
            14,
            0.0
        ],
        "Haiti": [
            12,
            0.0
        ],
        "Senegal": [
            12,
            0.0
        ],
        "Kenya": [
            12,
            0.0
        ],
        "Romania": [
            12,
            0.0
        ],
        "Israel": [
            10,
            0.0
        ],
        "Zambia": [
            10,
            0.0
        ],
        "Sudan": [
            10,
            0.0
        ],
        "Bulgaria": [
            10,
            0.0
        ],
        "Switzerland": [
            8,
            0.0
        ],
        "Afghanistan": [
            8,
            0.0
        ],
        "Barbados": [
            8,
            0.0
        ],
        "Ireland": [
            8,
            0.0
        ],
        "Zimbabwe": [
            8,
            0.0
        ],
        "Cameroon": [
            8,
            0.0
        ],
        "Papua New Guinea": [
            8,
            0.0
        ],
        "Bolivia": [
            8,
            0.0
        ],
        "Trinidad and Tobago": [
            6,
            0.0
        ],
        "Niger": [
            6,
            0.0
        ],
        "Denmark": [
            6,
            0.0
        ],
        "Yemen": [
            6,
            0.0
        ],
        "Libya": [
            6,
            0.0
        ],
        "Rwanda": [
            6,
            0.0
        ],
        "Belarus": [
            6,
            0.0
        ],
        "Somalia": [
            6,
            0.0
        ],
        "Angola": [
            6,
            0.0
        ],
        "Tanzania": [
            6,
            0.0
        ],
        "Mozambique": [
            6,
            0.0
        ],
        "Uruguay": [
            6,
            0.0
        ],
        "Kazakhstan": [
            6,
            0.0
        ],
        "Portugal": [
            6,
            0.0
        ],
        "Finland": [
            6,
            0.0
        ],
        "Mongolia": [
            4,
            0.0
        ],
        "Bosnia and Herzegovina": [
            4,
            0.0
        ],
        "Jamaica": [
            4,
            0.0
        ],
        "C\u00f4te-d'Ivoire": [
            4,
            0.0
        ],
        "Lithuania": [
            4,
            0.0
        ],
        "Ecuador": [
            4,
            0.0
        ],
        "Togo": [
            4,
            0.0
        ],
        "Hong Kong": [
            4,
            0.0
        ],
        "Cote d'Ivoire": [
            4,
            0.0
        ],
        "Madagascar": [
            4,
            0.0
        ],
        "Syria": [
            4,
            0.0
        ],
        "Uzbekistan": [
            2,
            0.0
        ],
        "Cambodia": [
            2,
            0.0
        ],
        "Martinique": [
            2,
            0.0
        ],
        "Benin": [
            2,
            0.0
        ],
        "Guinea-Bissau": [
            2,
            0.0
        ],
        "Azerbaijan": [
            2,
            0.0
        ],
        "Mali": [
            2,
            0.0
        ],
        "Norway": [
            2,
            0.0
        ],
        "Jordan": [
            2,
            0.0
        ],
        "Armenia": [
            2,
            0.0
        ],
        "Tunisia": [
            2,
            0.0
        ],
        "Qatar": [
            2,
            0.0
        ],
        "Georgia": [
            2,
            0.0
        ],
        "Turkmenistan": [
            2,
            0.0
        ],
        "Cyprus": [
            1,
            0.0
        ],
        "Guyana": [
            1,
            0.0
        ]
    },
    "country_quantity": {
        "Afghanistan": 3.5,
        "Algeria": 3.71,
        "Angola": 4.33,
        "Argentina": 4.54,
        "Armenia": 1.0,
        "Australia": 3.76,
        "Austria": 4.0,
        "Azerbaijan": 2.0,
        "Bangladesh": 5.44,
        "Barbados": 1.75,
        "Belarus": 3.67,
        "Belgium": 3.38,
        "Benin": 4.0,
        "Bolivia": 4.0,
        "Bosnia and Herzegovina": 1.5,
        "Brazil": 4.2,
        "Bulgaria": 1.6,
        "Cambodia": 5.0,
        "Cameroon": 2.75,
        "Canada": 3.18,
        "Chile": 3.5,
        "China": 3.76,
        "Colombia": 3.5,
        "Cote d'Ivoire": 1.25,
        "Cuba": 3.92,
        "Cyprus": 3.0,
        "Czech Republic": 1.75,
        "C\u00f4te-d'Ivoire": 1.25,
        "Democratic Republic of the Congo": 2.64,
        "Denmark": 3.33,
        "Dominican Republic": 3.54,
        "Ecuador": 3.0,
        "Egypt": 2.39,
        "El Salvador": 3.98,
        "Finland": 3.33,
        "France": 4.01,
        "Georgia": 1.0,
        "Germany": 3.68,
        "Ghana": 2.12,
        "Guatemala": 3.66,
        "Guinea-Bissau": 4.0,
        "Guyana": 6.0,
        "Haiti": 2.67,
        "Honduras": 4.09,
        "Hong Kong": 3.0,
        "Hungary": 2.5,
        "India": 4.12,
        "Indonesia": 3.72,
        "Iran": 2.29,
        "Iraq": 2.75,
        "Ireland": 2.25,
        "Israel": 1.6,
        "Italy": 3.79,
        "Jamaica": 4.0,
        "Japan": 3.7,
        "Jordan": 1.0,
        "Kazakhstan": 2.33,
        "Kenya": 1.33,
        "Libya": 4.33,
        "Lithuania": 2.5,
        "Madagascar": 3.0,
        "Malaysia": 4.14,
        "Mali": 2.0,
        "Martinique": 5.0,
        "Mexico": 3.94,
        "Mongolia": 1.5,
        "Morocco": 2.5,
        "Mozambique": 2.0,
        "Myanmar (Burma)": 2.62,
        "Netherlands": 3.43,
        "New Zealand": 2.94,
        "Nicaragua": 3.0,
        "Niger": 3.33,
        "Nigeria": 2.5,
        "Norway": 8.0,
        "Pakistan": 3.86,
        "Panama": 3.31,
        "Papua New Guinea": 3.5,
        "Peru": 3.33,
        "Philippines": 3.34,
        "Poland": 3.09,
        "Portugal": 4.33,
        "Qatar": 1.0,
        "Romania": 2.67,
        "Russia": 2.12,
        "Rwanda": 1.33,
        "Saudi Arabia": 1.62,
        "Senegal": 3.17,
        "Singapore": 6.64,
        "Somalia": 3.0,
        "South Africa": 2.41,
        "South Korea": 3.0,
        "Spain": 3.91,
        "Sudan": 3.0,
        "Sweden": 3.38,
        "Switzerland": 3.5,
        "Syria": 1.5,
        "Tanzania": 5.0,
        "Thailand": 3.5,
        "Togo": 2.0,
        "Trinidad and Tobago": 5.33,
        "Tunisia": 1.0,
        "Turkey": 2.16,
        "Turkmenistan": 1.0,
        "Ukraine": 1.54,
        "United Kingdom": 3.51,
        "United States": 3.79,
        "Uruguay": 3.33,
        "Uzbekistan": 8.0,
        "Venezuela": 3.77,
        "Vietnam": 3.92,
        "Yemen": 1.33,
        "Zambia": 2.2,
        "Zimbabwe": 2.25
    },
    "country_sales": {
        "Afghanistan": 77.42,
        "Algeria": 140.38,
        "Angola": 95.4,
        "Argentina": 47.98,
        "Armenia": 20.49,
        "Australia": 90.92,
        "Austria": 96.17,
        "Azerbaijan": 29.76,
        "Bangladesh": 120.03,
        "Barbados": 44.21,
        "Belarus": 86.11,
        "Belgium": 99.01,
        "Benin": 118.8,
        "Bolivia": 76.18,
        "Bosnia and Herzegovina": 41.67,
        "Brazil": 61.45,
        "Bulgaria": 58.58,
        "Cambodia": 108.9,
        "Cameroon": 84.97,
        "Canada": 89.38,
        "Chile": 69.82,
        "China": 102.32,
        "Colombia": 59.12,
        "Cote d'Ivoire": 32.37,
        "Cuba": 70.92,
        "Cyprus": 50.67,
        "Czech Republic": 36.58,
        "C\u00f4te-d'Ivoire": 32.37,
        "Democratic Republic of the Congo": 86.27,
        "Denmark": 38.76,
        "Dominican Republic": 58.11,
        "Ecuador": 32.25,
        "Egypt": 74.25,
        "El Salvador": 73.85,
        "Finland": 60.28,
        "France": 105.38,
        "Georgia": 15.66,
        "Germany": 101.13,
        "Ghana": 53.86,
        "Guatemala": 60.6,
        "Guinea-Bissau": 95.16,
        "Guyana": 124.8,
        "Haiti": 37.28,
        "Honduras": 39.48,
        "Hong Kong": 66.96,
        "Hungary": 60.67,
        "India": 121.28,
        "Indonesia": 51.41,
        "Iran": 70.79,
        "Iraq": 99.94,
        "Ireland": 24.52,
        "Israel": 43.41,
        "Italy": 101.64,
        "Jamaica": 70.88,
        "Japan": 96.29,
        "Jordan": 29.79,
        "Kazakhstan": 17.79,
        "Kenya": 33.99,
        "Libya": 148.76,
        "Lithuania": 18.66,
        "Madagascar": 106.17,
        "Malaysia": 106.22,
        "Mali": 90.18,
        "Martinique": 166.1,
        "Mexico": 71.13,
        "Mongolia": 26.86,
        "Morocco": 76.22,
        "Mozambique": 36.56,
        "Myanmar (Burma)": 64.03,
        "Netherlands": 50.55,
        "New Zealand": 61.26,
        "Nicaragua": 60.49,
        "Niger": 105.54,
        "Nigeria": 18.92,
        "Norway": 133.68,
        "Pakistan": 42.5,
        "Panama": 29.08,
        "Papua New Guinea": 47.29,
        "Peru": 41.26,
        "Philippines": 52.94,
        "Poland": 85.94,
        "Portugal": 39.5,
        "Qatar": 26.25,
        "Romania": 66.66,
        "Russia": 75.91,
        "Rwanda": 39.56,
        "Saudi Arabia": 38.31,
        "Senegal": 83.42,
        "Singapore": 219.84,
        "Somalia": 82.49,
        "South Africa": 66.73,
        "South Korea": 39.02,
        "Spain": 119.39,
        "Sudan": 112.31,
        "Sweden": 36.67,
        "Switzerland": 96.34,
        "Syria": 40.3,
        "Tanzania": 86.33,
        "Thailand": 46.01,
        "Togo": 50.61,
        "Trinidad and Tobago": 109.73,
        "Tunisia": 29.88,
        "Turkey": 24.31,
        "Turkmenistan": 3.95,
        "Ukraine": 36.79,
        "United Kingdom": 85.47,
        "United States": 57.33,
        "Uruguay": 39.81,
        "Uzbekistan": 239.28,
        "Venezuela": 43.97,
        "Vietnam": 77.83,
        "Yemen": 11.24,
        "Zambia": 57.6,
        "Zimbabwe": 21.0
    },
    "country_unit_price": {
        "Afghanistan": 22.12,
        "Algeria": 37.79,
        "Angola": 22.02,
        "Argentina": 10.57,
        "Armenia": 20.49,
        "Australia": 24.16,
        "Austria": 24.04,
        "Azerbaijan": 14.88,
        "Bangladesh": 22.05,
        "Barbados": 25.26,
        "Belarus": 23.48,
        "Belgium": 29.34,
        "Benin": 29.7,
        "Bolivia": 19.05,
        "Bosnia and Herzegovina": 27.78,
        "Brazil": 14.64,
        "Bulgaria": 36.62,
        "Cambodia": 21.78,
        "Cameroon": 30.9,
        "Canada": 28.14,
        "Chile": 19.95,
        "China": 27.24,
        "Colombia": 16.89,
        "Cote d'Ivoire": 25.9,
        "Cuba": 18.1,
        "Cyprus": 16.89,
        "Czech Republic": 20.9,
        "C\u00f4te-d'Ivoire": 25.9,
        "Democratic Republic of the Congo": 32.72,
        "Denmark": 11.63,
        "Dominican Republic": 16.4,
        "Ecuador": 10.75,
        "Egypt": 31.08,
        "El Salvador": 18.56,
        "Finland": 18.08,
        "France": 26.29,
        "Georgia": 15.66,
        "Germany": 27.45,
        "Ghana": 25.35,
        "Guatemala": 16.57,
        "Guinea-Bissau": 23.79,
        "Guyana": 20.8,
        "Haiti": 13.98,
        "Honduras": 9.64,
        "Hong Kong": 22.32,
        "Hungary": 24.27,
        "India": 29.41,
        "Indonesia": 13.81,
        "Iran": 30.97,
        "Iraq": 36.34,
        "Ireland": 10.9,
        "Israel": 27.13,
        "Italy": 26.79,
        "Jamaica": 17.72,
        "Japan": 26.02,
        "Jordan": 29.79,
        "Kazakhstan": 7.63,
        "Kenya": 25.5,
        "Libya": 34.33,
        "Lithuania": 7.46,
        "Madagascar": 35.39,
        "Malaysia": 25.64,
        "Mali": 45.09,
        "Martinique": 33.22,
        "Mexico": 18.07,
        "Mongolia": 17.91,
        "Morocco": 30.49,
        "Mozambique": 18.28,
        "Myanmar (Burma)": 24.39,
        "Netherlands": 14.72,
        "New Zealand": 20.81,
        "Nicaragua": 20.16,
        "Niger": 31.66,
        "Nigeria": 7.57,
        "Norway": 16.71,
        "Pakistan": 11.02,
        "Panama": 8.78,
        "Papua New Guinea": 13.51,
        "Peru": 12.38,
        "Philippines": 15.84,
        "Poland": 27.8,
        "Portugal": 9.12,
        "Qatar": 26.25,
        "Romania": 25.0,
        "Russia": 35.85,
        "Rwanda": 29.67,
        "Saudi Arabia": 23.58,
        "Senegal": 26.34,
        "Singapore": 33.13,
        "Somalia": 27.5,
        "South Africa": 27.7,
        "South Korea": 13.01,
        "Spain": 30.54,
        "Sudan": 37.44,
        "Sweden": 10.86,
        "Switzerland": 27.53,
        "Syria": 26.87,
        "Tanzania": 17.27,
        "Thailand": 13.15,
        "Togo": 25.3,
        "Trinidad and Tobago": 20.58,
        "Tunisia": 29.88,
        "Turkey": 11.28,
        "Turkmenistan": 3.95,
        "Ukraine": 23.92,
        "United Kingdom": 24.32,
        "United States": 15.13,
        "Uruguay": 11.94,
        "Uzbekistan": 29.91,
        "Venezuela": 11.67,
        "Vietnam": 19.84,
        "Yemen": 8.43,
        "Zambia": 26.18,
        "Zimbabwe": 9.34
    },
    "country_profit": {
        "Afghanistan": 4.18,
        "Algeria": 9.25,
        "Angola": 5.51,
        "Argentina": -3.15,
        "Armenia": 2.85,
        "Australia": 3.57,
        "Austria": 6.42,
        "Azerbaijan": 3.27,
        "Bangladesh": 5.81,
        "Barbados": 5.61,
        "Belarus": 5.46,
        "Belgium": 5.87,
        "Benin": 12.45,
        "Bolivia": 5.28,
        "Bosnia and Herzegovina": 6.95,
        "Brazil": 2.14,
        "Bulgaria": 7.88,
        "Cambodia": 1.29,
        "Cameroon": 3.41,
        "Canada": 6.92,
        "Chile": 5.23,
        "China": 6.25,
        "Colombia": 5.02,
        "Cote d'Ivoire": 5.54,
        "Cuba": 5.32,
        "Cyprus": 6.9,
        "Czech Republic": 5.58,
        "C\u00f4te-d'Ivoire": 5.54,
        "Democratic Republic of the Congo": 9.25,
        "Denmark": -5.23,
        "Dominican Republic": 1.14,
        "Ecuador": 4.47,
        "Egypt": 9.43,
        "El Salvador": 4.7,
        "Finland": 3.88,
        "France": 5.93,
        "Georgia": 0.3,
        "Germany": 6.84,
        "Ghana": 6.9,
        "Guatemala": 4.38,
        "Guinea-Bissau": 2.37,
        "Guyana": 4.36,
        "Haiti": -5.75,
        "Honduras": -2.77,
        "Hong Kong": 4.83,
        "Hungary": 7.06,
        "India": 6.81,
        "Indonesia": -6.14,
        "Iran": 9.56,
        "Iraq": 6.62,
        "Ireland": -4.79,
        "Israel": 10.97,
        "Italy": 6.55,
        "Jamaica": 7.26,
        "Japan": 10.57,
        "Jordan": 10.71,
        "Kazakhstan": -9.5,
        "Kenya": 7.09,
        "Libya": 8.1,
        "Lithuania": -11.88,
        "Madagascar": 14.59,
        "Malaysia": 8.67,
        "Mali": 22.53,
        "Martinique": 10.96,
        "Mexico": 4.53,
        "Mongolia": 1.46,
        "Morocco": 9.89,
        "Mozambique": 3.27,
        "Myanmar (Burma)": 1.49,
        "Netherlands": -6.45,
        "New Zealand": 1.88,
        "Nicaragua": 3.85,
        "Niger": 11.83,
        "Nigeria": -12.56,
        "Norway": 3.15,
        "Pakistan": -5.31,
        "Panama": -1.56,
        "Papua New Guinea": -3.94,
        "Peru": -1.78,
        "Philippines": -6.38,
        "Poland": 6.65,
        "Portugal": -4.66,
        "Qatar": 8.64,
        "Romania": 4.91,
        "Russia": 8.95,
        "Rwanda": 4.42,
        "Saudi Arabia": 7.04,
        "Senegal": 5.15,
        "Singapore": 7.33,
        "Somalia": 11.96,
        "South Africa": 8.6,
        "South Korea": -7.12,
        "Spain": 7.21,
        "Sudan": 9.96,
        "Sweden": -6.04,
        "Switzerland": 6.76,
        "Syria": 9.62,
        "Tanzania": 4.77,
        "Thailand": -5.68,
        "Togo": 7.95,
        "Trinidad and Tobago": 1.56,
        "Tunisia": 0.87,
        "Turkey": -8.93,
        "Turkmenistan": -3.31,
        "Ukraine": 5.84,
        "United Kingdom": 5.98,
        "United States": 6.57,
        "Uruguay": 1.25,
        "Uzbekistan": 6.27,
        "Venezuela": -4.19,
        "Vietnam": 3.11,
        "Yemen": -15.62,
        "Zambia": 7.55,
        "Zimbabwe": -16.51
    },
    "country_profit_margin": {
        "Afghanistan": 0.19,
        "Algeria": 0.24,
        "Angola": 0.25,
        "Argentina": -0.3,
        "Armenia": 0.14,
        "Australia": 0.15,
        "Austria": 0.27,
        "Azerbaijan": 0.22,
        "Bangladesh": 0.26,
        "Barbados": 0.22,
        "Belarus": 0.23,
        "Belgium": 0.2,
        "Benin": 0.42,
        "Bolivia": 0.28,
        "Bosnia and Herzegovina": 0.25,
        "Brazil": 0.15,
        "Bulgaria": 0.22,
        "Cambodia": 0.06,
        "Cameroon": 0.11,
        "Canada": 0.25,
        "Chile": 0.26,
        "China": 0.23,
        "Colombia": 0.3,
        "Cote d'Ivoire": 0.21,
        "Cuba": 0.29,
        "Cyprus": 0.41,
        "Czech Republic": 0.27,
        "C\u00f4te-d'Ivoire": 0.21,
        "Democratic Republic of the Congo": 0.28,
        "Denmark": -0.45,
        "Dominican Republic": 0.07,
        "Ecuador": 0.42,
        "Egypt": 0.3,
        "El Salvador": 0.25,
        "Finland": 0.21,
        "France": 0.23,
        "Georgia": 0.02,
        "Germany": 0.25,
        "Ghana": 0.27,
        "Guatemala": 0.26,
        "Guinea-Bissau": 0.1,
        "Guyana": 0.21,
        "Haiti": -0.41,
        "Honduras": -0.29,
        "Hong Kong": 0.22,
        "Hungary": 0.29,
        "India": 0.23,
        "Indonesia": -0.44,
        "Iran": 0.31,
        "Iraq": 0.18,
        "Ireland": -0.44,
        "Israel": 0.4,
        "Italy": 0.24,
        "Jamaica": 0.41,
        "Japan": 0.41,
        "Jordan": 0.36,
        "Kazakhstan": -1.25,
        "Kenya": 0.28,
        "Libya": 0.24,
        "Lithuania": -1.59,
        "Madagascar": 0.41,
        "Malaysia": 0.34,
        "Mali": 0.5,
        "Martinique": 0.33,
        "Mexico": 0.25,
        "Mongolia": 0.08,
        "Morocco": 0.32,
        "Mozambique": 0.18,
        "Myanmar (Burma)": 0.06,
        "Netherlands": -0.44,
        "New Zealand": 0.09,
        "Nicaragua": 0.19,
        "Niger": 0.37,
        "Nigeria": -1.66,
        "Norway": 0.19,
        "Pakistan": -0.48,
        "Panama": -0.18,
        "Papua New Guinea": -0.29,
        "Peru": -0.14,
        "Philippines": -0.4,
        "Poland": 0.24,
        "Portugal": -0.51,
        "Qatar": 0.33,
        "Romania": 0.2,
        "Russia": 0.25,
        "Rwanda": 0.15,
        "Saudi Arabia": 0.3,
        "Senegal": 0.2,
        "Singapore": 0.22,
        "Somalia": 0.43,
        "South Africa": 0.31,
        "South Korea": -0.55,
        "Spain": 0.24,
        "Sudan": 0.27,
        "Sweden": -0.56,
        "Switzerland": 0.25,
        "Syria": 0.36,
        "Tanzania": 0.28,
        "Thailand": -0.43,
        "Togo": 0.31,
        "Trinidad and Tobago": 0.08,
        "Tunisia": 0.03,
        "Turkey": -0.79,
        "Turkmenistan": -0.84,
        "Ukraine": 0.24,
        "United Kingdom": 0.25,
        "United States": 0.43,
        "Uruguay": 0.1,
        "Uzbekistan": 0.21,
        "Venezuela": -0.36,
        "Vietnam": 0.16,
        "Yemen": -1.85,
        "Zambia": 0.29,
        "Zimbabwe": -1.77
    },
    "top_10_states": {
        "California": [
            572,
            0.08
        ],
        "New York": [
            292,
            0.04
        ],
        "Texas": [
            289,
            0.04
        ],
        "England": [
            132,
            0.02
        ],
        "Pennsylvania": [
            132,
            0.02
        ],
        "Illinois": [
            118,
            0.02
        ],
        "Washington": [
            117,
            0.02
        ],
        "New South Wales": [
            110,
            0.02
        ],
        "Ohio": [
            110,
            0.02
        ],
        "Florida": [
            100,
            0.01
        ]
    },
    "top_10_states_values": [
        572,
        292,
        289,
        132,
        132,
        118,
        117,
        110,
        110,
        100
    ],
    "top_10_cities": {
        "New York City": [
            241,
            0.03
        ],
        "Los Angeles": [
            232,
            0.03
        ],
        "San Francisco": [
            147,
            0.02
        ],
        "Philadelphia": [
            126,
            0.02
        ],
        "Houston": [
            116,
            0.02
        ],
        "Seattle": [
            103,
            0.01
        ],
        "Chicago": [
            83,
            0.01
        ],
        "Columbus": [
            63,
            0.01
        ],
        "Managua": [
            58,
            0.01
        ],
        "Santo Domingo": [
            52,
            0.01
        ]
    },
    "top_10_cities_values": [
        241,
        232,
        147,
        126,
        116,
        103,
        83,
        63,
        58,
        52
    ],
    "yearly_sales": {
        "2011": 42665.9781,
        "2012": 51512.3793,
        "2013": 70512.5548,
        "2014": 121974.6893,
        "2015": 50782.0113,
        "2016": 70056.9028,
        "2017": 78574.7312
    },
    "monthly_trend": {
        "April": {
            "2011": 2595.125,
            "2012": 1432.8880000000001,
            "2013": 3615.619,
            "2014": 7173.662,
            "2015": 1380.128,
            "2016": 3615.6189999999997,
            "2017": 4472.217
        },
        "August": {
            "2011": 6286.8706,
            "2012": 5137.286700000001,
            "2013": 7053.1531,
            "2014": 14636.9986,
            "2015": 5137.2867,
            "2016": 6952.3531,
            "2017": 8239.099
        },
        "December": {
            "2011": 5292.8917,
            "2012": 6781.2773,
            "2013": 7751.4975,
            "2014": 16100.5406,
            "2015": 6764.1573,
            "2016": 7705.9575,
            "2017": 10882.8069
        },
        "February": {
            "2011": 1407.181,
            "2012": 1622.657,
            "2013": 3509.0287,
            "2014": 3598.2831,
            "2015": 1470.5529999999999,
            "2016": 3509.0287,
            "2017": 2149.7621
        },
        "January": {
            "2011": 2138.6388,
            "2012": 2618.093,
            "2013": 3887.1001,
            "2014": 5646.5886,
            "2015": 2614.757,
            "2016": 3830.4001,
            "2017": 3507.9498
        },
        "July": {
            "2011": 1921.4862,
            "2012": 3307.5798,
            "2013": 4995.498500000001,
            "2014": 6168.4421,
            "2015": 3285.6678,
            "2016": 4995.4985,
            "2017": 4305.7209
        },
        "June": {
            "2011": 4282.6675000000005,
            "2012": 3507.2315000000003,
            "2013": 9102.1366,
            "2014": 12118.797,
            "2015": 3507.2315,
            "2016": 9087.1966,
            "2017": 7730.1375
        },
        "March": {
            "2011": 2064.6476,
            "2012": 4438.348,
            "2013": 3568.107,
            "2014": 7021.8461,
            "2015": 4332.828,
            "2016": 3541.727,
            "2017": 4873.7945
        },
        "May": {
            "2011": 2352.708,
            "2012": 5355.6804,
            "2013": 7594.3296,
            "2014": 8754.7386,
            "2015": 5270.6244,
            "2016": 7482.3696,
            "2017": 6363.6706
        },
        "November": {
            "2011": 7273.1069,
            "2012": 7273.3445,
            "2013": 7594.2371,
            "2014": 16040.1424,
            "2015": 7147.1045,
            "2016": 7523.2571,
            "2017": 8827.5735
        },
        "October": {
            "2011": 3360.3062,
            "2012": 4549.4619,
            "2013": 5161.1244,
            "2014": 12279.8622,
            "2015": 4524.9019,
            "2016": 5132.7724,
            "2017": 8413.024
        },
        "September": {
            "2011": 3690.3486000000003,
            "2012": 5488.5312,
            "2013": 6680.7232,
            "2014": 12434.788,
            "2015": 5346.7712,
            "2016": 6680.7232,
            "2017": 8808.9754
        }
    },
    "shipping_delay_stats": {
        "mean": 3.9,
        "median": 4.0,
        "max": 7
    },
    "top_10_products_by_sales": {
        "Green Bar Cards & Envelopes, Multicolor": 8612.08,
        "Enermax Note Cards, Premium": 7881.3414,
        "Green Bar Cards & Envelopes, 8.5 x 11": 7795.452,
        "Green Bar Note Cards, Premium": 7191.296,
        "Xerox Cards & Envelopes, 8.5 x 11": 6652.1132,
        "SanDisk Cards & Envelopes, Recycled": 6237.792,
        "Eaton Cards & Envelopes, Premium": 6032.7348,
        "SanDisk Cards & Envelopes, Premium": 5695.4832,
        "Xerox 1915": 5578.0199999999995,
        "Green Bar Cards & Envelopes, Premium": 5515.1696
    },
    "top_10_products_by_profit": {
        "Xerox 1915": 2524.788,
        "SanDisk Cards & Envelopes, Premium": 2033.8632,
        "Xerox Cards & Envelopes, 8.5 x 11": 1744.0332,
        "Multicolor Computer Printout Paper": 1702.764,
        "Xerox Cards & Envelopes, Recycled": 1652.7376,
        "Xerox 1908": 1598.7888,
        "Xerox 1945": 1512.531,
        "Xerox 189": 1493.064,
        "Xerox 1919": 1459.244,
        "Xerox 1941": 1409.184
    },
    "top_10_products_by_turnover": {
        "Enermax Note Cards, Premium": 342,
        "Green Bar Note Cards, Premium": 300,
        "Eaton Note Cards, Premium": 262,
        "SanDisk Parchment Paper, Multicolor": 260,
        "Green Bar Cards & Envelopes, Multicolor": 220,
        "SanDisk Note Cards, Premium": 216,
        "Eaton Computer Printout Paper, 8.5 x 11": 208,
        "Green Bar Parchment Paper, Recycled": 206,
        "Enermax Note Cards, 8.5 x 11": 200,
        "Eaton Memo Slips, Multicolor": 190
    },
    "top_5_loss_products": {
        "SanDisk Cards & Envelopes, Recycled": -909.528,
        "Xerox Note Cards, 8.5 x 11": -833.252,
        "Green Bar Note Cards, Premium": -776.976,
        "Green Bar Cards & Envelopes, Multicolor": -616.5200000000001,
        "Eaton Cards & Envelopes, Recycled": -442.653
    },
    "product_performance": [
        {
            "Product Name": "Green Bar Cards & Envelopes, Multicolor",
            "total_sales": 8612.08,
            "total_quantity": 220,
            "average_price": 172.2416,
            "total_profit": 123.15999999999991,
            "profit_margin": 0.014300842537459
        },
        {
            "Product Name": "Enermax Note Cards, Premium",
            "total_sales": 7881.3414,
            "total_quantity": 342,
            "average_price": 91.6435046511628,
            "total_profit": 1146.4614,
            "profit_margin": 0.14546526305788504
        },
        {
            "Product Name": "Green Bar Cards & Envelopes, 8.5 x 11",
            "total_sales": 7795.452,
            "total_quantity": 180,
            "average_price": 149.91253846153847,
            "total_profit": 963.652,
            "profit_margin": 0.12361720654556016
        },
        {
            "Product Name": "Green Bar Note Cards, Premium",
            "total_sales": 7191.296,
            "total_quantity": 300,
            "average_price": 83.61972093023256,
            "total_profit": 305.336,
            "profit_margin": 0.04245910611939767
        },
        {
            "Product Name": "Xerox Cards & Envelopes, 8.5 x 11",
            "total_sales": 6652.1132,
            "total_quantity": 146,
            "average_price": 175.05561052631577,
            "total_profit": 1744.0332,
            "profit_margin": 0.2621773183294596
        },
        {
            "Product Name": "SanDisk Cards & Envelopes, Recycled",
            "total_sales": 6237.792,
            "total_quantity": 162,
            "average_price": 135.6041739130435,
            "total_profit": -515.248,
            "profit_margin": -0.08260102292606102
        },
        {
            "Product Name": "Eaton Cards & Envelopes, Premium",
            "total_sales": 6032.7348,
            "total_quantity": 158,
            "average_price": 158.75617894736843,
            "total_profit": 884.0348,
            "profit_margin": 0.1465396423525861
        },
        {
            "Product Name": "SanDisk Cards & Envelopes, Premium",
            "total_sales": 5695.4832,
            "total_quantity": 142,
            "average_price": 167.51421176470586,
            "total_profit": 2033.8632,
            "profit_margin": 0.35710107967661114
        },
        {
            "Product Name": "Xerox 1915",
            "total_sales": 5578.0199999999995,
            "total_quantity": 56,
            "average_price": 309.89,
            "total_profit": 2524.788,
            "profit_margin": 0.45263157894736844
        },
        {
            "Product Name": "Green Bar Cards & Envelopes, Premium",
            "total_sales": 5515.1696,
            "total_quantity": 142,
            "average_price": 153.19915555555556,
            "total_profit": 642.4495999999999,
            "profit_margin": 0.1164877323083591
        },
        {
            "Product Name": "Xerox Cards & Envelopes, Recycled",
            "total_sales": 5311.6976,
            "total_quantity": 150,
            "average_price": 139.7815157894737,
            "total_profit": 1652.7376,
            "profit_margin": 0.3111505444135223
        },
        {
            "Product Name": "Eaton Note Cards, Premium",
            "total_sales": 5265.9544,
            "total_quantity": 262,
            "average_price": 79.78718787878788,
            "total_profit": 465.1944,
            "profit_margin": 0.08833999777894012
        },
        {
            "Product Name": "Eaton Cards & Envelopes, Recycled",
            "total_sales": 5105.691000000001,
            "total_quantity": 144,
            "average_price": 127.64227500000001,
            "total_profit": 689.331,
            "profit_margin": 0.13501228335204774
        },
        {
            "Product Name": "Xerox Cards & Envelopes, Premium",
            "total_sales": 4934.7080000000005,
            "total_quantity": 140,
            "average_price": 129.86073684210527,
            "total_profit": 1332.008,
            "profit_margin": 0.2699264069930784
        },
        {
            "Product Name": "SanDisk Note Cards, Premium",
            "total_sales": 4931.619,
            "total_quantity": 216,
            "average_price": 70.4517,
            "total_profit": 1317.979,
            "profit_margin": 0.2672507750497352
        },
        {
            "Product Name": "SanDisk Note Cards, Multicolor",
            "total_sales": 4846.3184,
            "total_quantity": 160,
            "average_price": 115.38853333333334,
            "total_profit": 1243.4984,
            "profit_margin": 0.2565861954096949
        },
        {
            "Product Name": "SanDisk Computer Printout Paper, 8.5 x 11",
            "total_sales": 4794.0828,
            "total_quantity": 168,
            "average_price": 108.95642727272728,
            "total_profit": -137.3772,
            "profit_margin": -0.02865557516027883
        },
        {
            "Product Name": "Green Bar Note Cards, Multicolor",
            "total_sales": 4716.27,
            "total_quantity": 172,
            "average_price": 112.29214285714286,
            "total_profit": 941.5100000000001,
            "profit_margin": 0.19963021625140207
        },
        {
            "Product Name": "Eaton Computer Printout Paper, 8.5 x 11",
            "total_sales": 4678.179,
            "total_quantity": 208,
            "average_price": 83.53891071428572,
            "total_profit": 764.799,
            "profit_margin": 0.1634822010872179
        },
        {
            "Product Name": "Enermax Note Cards, 8.5 x 11",
            "total_sales": 4556.017000000001,
            "total_quantity": 200,
            "average_price": 103.54584090909093,
            "total_profit": 1197.2169999999999,
            "profit_margin": 0.26277711430839695
        }
    ],
    "most_ordered_products_by_date": [
        {
            "Year_Month": "2011-01",
            "Product Name": "Enermax Note Cards, Premium",
            "total_sales": 206.37900000000002,
            "total_quantity": 9
        },
        {
            "Year_Month": "2011-01",
            "Product Name": "Green Bar Cards & Envelopes, Multicolor",
            "total_sales": 49.8,
            "total_quantity": 2
        },
        {
            "Year_Month": "2011-01",
            "Product Name": "Green Bar Note Cards, Premium",
            "total_sales": 97.02000000000001,
            "total_quantity": 6
        },
        {
            "Year_Month": "2011-01",
            "Product Name": "Xerox Cards & Envelopes, 8.5 x 11",
            "total_sales": 98.22,
            "total_quantity": 2
        },
        {
            "Year_Month": "2011-02",
            "Product Name": "Green Bar Cards & Envelopes, 8.5 x 11",
            "total_sales": 173.34900000000002,
            "total_quantity": 6
        },
        {
            "Year_Month": "2011-02",
            "Product Name": "Green Bar Note Cards, Premium",
            "total_sales": 31.200000000000003,
            "total_quantity": 1
        },
        {
            "Year_Month": "2011-05",
            "Product Name": "Green Bar Cards & Envelopes, 8.5 x 11",
            "total_sales": 262.65,
            "total_quantity": 5
        },
        {
            "Year_Month": "2011-05",
            "Product Name": "Green Bar Note Cards, Premium",
            "total_sales": 238.32,
            "total_quantity": 8
        },
        {
            "Year_Month": "2011-06",
            "Product Name": "Green Bar Note Cards, Premium",
            "total_sales": 428.976,
            "total_quantity": 15
        },
        {
            "Year_Month": "2011-07",
            "Product Name": "Enermax Note Cards, Premium",
            "total_sales": 95.0,
            "total_quantity": 5
        },
        {
            "Year_Month": "2011-07",
            "Product Name": "Green Bar Cards & Envelopes, Multicolor",
            "total_sales": 249.00000000000003,
            "total_quantity": 5
        },
        {
            "Year_Month": "2011-08",
            "Product Name": "Green Bar Cards & Envelopes, 8.5 x 11",
            "total_sales": 105.06,
            "total_quantity": 2
        },
        {
            "Year_Month": "2011-08",
            "Product Name": "Green Bar Cards & Envelopes, Multicolor",
            "total_sales": 298.8,
            "total_quantity": 6
        },
        {
            "Year_Month": "2011-08",
            "Product Name": "Green Bar Note Cards, Premium",
            "total_sales": 29.79,
            "total_quantity": 1
        },
        {
            "Year_Month": "2011-10",
            "Product Name": "Green Bar Cards & Envelopes, Multicolor",
            "total_sales": 149.4,
            "total_quantity": 3
        },
        {
            "Year_Month": "2011-10",
            "Product Name": "Green Bar Note Cards, Premium",
            "total_sales": 14.895,
            "total_quantity": 1
        },
        {
            "Year_Month": "2011-10",
            "Product Name": "Xerox Cards & Envelopes, 8.5 x 11",
            "total_sales": 65.47999999999999,
            "total_quantity": 2
        },
        {
            "Year_Month": "2011-11",
            "Product Name": "Enermax Note Cards, Premium",
            "total_sales": 171.0,
            "total_quantity": 6
        },
        {
            "Year_Month": "2011-11",
            "Product Name": "Green Bar Note Cards, Premium",
            "total_sales": 124.80000000000001,
            "total_quantity": 5
        },
        {
            "Year_Month": "2011-12",
            "Product Name": "Enermax Note Cards, Premium",
            "total_sales": 228.0,
            "total_quantity": 8
        },
        {
            "Year_Month": "2011-12",
            "Product Name": "Green Bar Note Cards, Premium",
            "total_sales": 216.98999999999998,
            "total_quantity": 7
        },
        {
            "Year_Month": "2012-02",
            "Product Name": "Green Bar Cards & Envelopes, 8.5 x 11",
            "total_sales": 105.06000000000002,
            "total_quantity": 3
        },
        {
            "Year_Month": "2012-03",
            "Product Name": "Green Bar Cards & Envelopes, Multicolor",
            "total_sales": 209.16000000000005,
            "total_quantity": 7
        },
        {
            "Year_Month": "2012-03",
            "Product Name": "Green Bar Note Cards, Premium",
            "total_sales": 225.888,
            "total_quantity": 11
        },
        {
            "Year_Month": "2012-05",
            "Product Name": "Green Bar Cards & Envelopes, 8.5 x 11",
            "total_sales": 525.3,
            "total_quantity": 10
        },
        {
            "Year_Month": "2012-05",
            "Product Name": "Xerox Cards & Envelopes, 8.5 x 11",
            "total_sales": 589.3199999999999,
            "total_quantity": 12
        },
        {
            "Year_Month": "2012-06",
            "Product Name": "Enermax Note Cards, Premium",
            "total_sales": 106.84500000000001,
            "total_quantity": 7
        },
        {
            "Year_Month": "2012-07",
            "Product Name": "Green Bar Cards & Envelopes, Multicolor",
            "total_sales": 298.8,
            "total_quantity": 6
        },
        {
            "Year_Month": "2012-07",
            "Product Name": "Xerox Cards & Envelopes, 8.5 x 11",
            "total_sales": 52.0566,
            "total_quantity": 2
        },
        {
            "Year_Month": "2012-08",
            "Product Name": "Enermax Note Cards, Premium",
            "total_sales": 167.496,
            "total_quantity": 12
        },
        {
            "Year_Month": "2012-08",
            "Product Name": "Green Bar Cards & Envelopes, 8.5 x 11",
            "total_sales": 105.06,
            "total_quantity": 2
        },
        {
            "Year_Month": "2012-08",
            "Product Name": "Green Bar Note Cards, Premium",
            "total_sales": 37.44,
            "total_quantity": 3
        },
        {
            "Year_Month": "2012-09",
            "Product Name": "Enermax Note Cards, Premium",
            "total_sales": 68.4,
            "total_quantity": 6
        },
        {
            "Year_Month": "2012-09",
            "Product Name": "Green Bar Note Cards, Premium",
            "total_sales": 196.29600000000002,
            "total_quantity": 10
        },
        {
            "Year_Month": "2012-10",
            "Product Name": "Green Bar Note Cards, Premium",
            "total_sales": 79.44,
            "total_quantity": 3
        },
        {
            "Year_Month": "2012-10",
            "Product Name": "Xerox Cards & Envelopes, 8.5 x 11",
            "total_sales": 98.22,
            "total_quantity": 2
        },
        {
            "Year_Month": "2012-11",
            "Product Name": "Green Bar Cards & Envelopes, 8.5 x 11",
            "total_sales": 341.44500000000005,
            "total_quantity": 10
        },
        {
            "Year_Month": "2012-11",
            "Product Name": "Green Bar Note Cards, Premium",
            "total_sales": 62.4,
            "total_quantity": 3
        },
        {
            "Year_Month": "2012-11",
            "Product Name": "Xerox Cards & Envelopes, 8.5 x 11",
            "total_sales": 343.77,
            "total_quantity": 7
        },
        {
            "Year_Month": "2012-12",
            "Product Name": "Enermax Note Cards, Premium",
            "total_sales": 355.73,
            "total_quantity": 14
        },
        {
            "Year_Month": "2012-12",
            "Product Name": "Green Bar Cards & Envelopes, 8.5 x 11",
            "total_sales": 21.012,
            "total_quantity": 1
        },
        {
            "Year_Month": "2012-12",
            "Product Name": "Green Bar Cards & Envelopes, Multicolor",
            "total_sales": 680.6000000000001,
            "total_quantity": 16
        },
        {
            "Year_Month": "2013-01",
            "Product Name": "Enermax Note Cards, Premium",
            "total_sales": 124.212,
            "total_quantity": 9
        },
        {
            "Year_Month": "2013-01",
            "Product Name": "Green Bar Cards & Envelopes, Multicolor",
            "total_sales": 19.92,
            "total_quantity": 1
        },
        {
            "Year_Month": "2013-02",
            "Product Name": "Enermax Note Cards, Premium",
            "total_sales": 179.46000000000004,
            "total_quantity": 6
        },
        {
            "Year_Month": "2013-02",
            "Product Name": "Green Bar Cards & Envelopes, Multicolor",
            "total_sales": 53.12000000000002,
            "total_quantity": 2
        },
        {
            "Year_Month": "2013-02",
            "Product Name": "Green Bar Note Cards, Premium",
            "total_sales": 19.86,
            "total_quantity": 1
        },
        {
            "Year_Month": "2013-03",
            "Product Name": "Green Bar Cards & Envelopes, 8.5 x 11",
            "total_sales": 210.12,
            "total_quantity": 4
        },
        {
            "Year_Month": "2013-03",
            "Product Name": "Green Bar Cards & Envelopes, Multicolor",
            "total_sales": 358.56000000000006,
            "total_quantity": 8
        },
        {
            "Year_Month": "2013-04",
            "Product Name": "Enermax Note Cards, Premium",
            "total_sales": 142.5,
            "total_quantity": 5
        },
        {
            "Year_Month": "2013-04",
            "Product Name": "Xerox Cards & Envelopes, 8.5 x 11",
            "total_sales": 88.398,
            "total_quantity": 2
        },
        {
            "Year_Month": "2013-05",
            "Product Name": "Enermax Note Cards, Premium",
            "total_sales": 108.65460000000002,
            "total_quantity": 5
        },
        {
            "Year_Month": "2013-05",
            "Product Name": "Green Bar Cards & Envelopes, Multicolor",
            "total_sales": 348.6,
            "total_quantity": 8
        },
        {
            "Year_Month": "2013-05",
            "Product Name": "Green Bar Note Cards, Premium",
            "total_sales": 417.06,
            "total_quantity": 14
        },
        {
            "Year_Month": "2013-06",
            "Product Name": "Enermax Note Cards, Premium",
            "total_sales": 57.0,
            "total_quantity": 2
        },
        {
            "Year_Month": "2013-06",
            "Product Name": "Green Bar Cards & Envelopes, 8.5 x 11",
            "total_sales": 105.06,
            "total_quantity": 2
        },
        {
            "Year_Month": "2013-06",
            "Product Name": "Green Bar Note Cards, Premium",
            "total_sales": 61.46,
            "total_quantity": 3
        },
        {
            "Year_Month": "2013-06",
            "Product Name": "Xerox Cards & Envelopes, 8.5 x 11",
            "total_sales": 245.55,
            "total_quantity": 5
        },
        {
            "Year_Month": "2013-07",
            "Product Name": "Enermax Note Cards, Premium",
            "total_sales": 31.704600000000006,
            "total_quantity": 2
        },
        {
            "Year_Month": "2013-07",
            "Product Name": "Green Bar Cards & Envelopes, Multicolor",
            "total_sales": 199.20000000000005,
            "total_quantity": 6
        },
        {
            "Year_Month": "2013-07",
            "Product Name": "Green Bar Note Cards, Premium",
            "total_sales": 269.52,
            "total_quantity": 11
        },
        {
            "Year_Month": "2013-07",
            "Product Name": "Xerox Cards & Envelopes, 8.5 x 11",
            "total_sales": 98.22,
            "total_quantity": 3
        },
        {
            "Year_Month": "2013-08",
            "Product Name": "Enermax Note Cards, Premium",
            "total_sales": 114.0,
            "total_quantity": 4
        },
        {
            "Year_Month": "2013-08",
            "Product Name": "Green Bar Cards & Envelopes, 8.5 x 11",
            "total_sales": 682.89,
            "total_quantity": 16
        },
        {
            "Year_Month": "2013-08",
            "Product Name": "Green Bar Cards & Envelopes, Multicolor",
            "total_sales": 49.8,
            "total_quantity": 2
        },
        {
            "Year_Month": "2013-08",
            "Product Name": "Green Bar Note Cards, Premium",
            "total_sales": 124.8,
            "total_quantity": 6
        },
        {
            "Year_Month": "2013-08",
            "Product Name": "Xerox Cards & Envelopes, 8.5 x 11",
            "total_sales": 294.66,
            "total_quantity": 6
        },
        {
            "Year_Month": "2013-09",
            "Product Name": "Enermax Note Cards, Premium",
            "total_sales": 57.0,
            "total_quantity": 5
        },
        {
            "Year_Month": "2013-09",
            "Product Name": "Green Bar Cards & Envelopes, 8.5 x 11",
            "total_sales": 238.13600000000002,
            "total_quantity": 8
        },
        {
            "Year_Month": "2013-10",
            "Product Name": "Enermax Note Cards, Premium",
            "total_sales": 444.4200000000001,
            "total_quantity": 15
        },
        {
            "Year_Month": "2013-10",
            "Product Name": "Green Bar Cards & Envelopes, 8.5 x 11",
            "total_sales": 56.032,
            "total_quantity": 2
        },
        {
            "Year_Month": "2013-10",
            "Product Name": "Green Bar Cards & Envelopes, Multicolor",
            "total_sales": 66.4,
            "total_quantity": 2
        },
        {
            "Year_Month": "2013-10",
            "Product Name": "Xerox Cards & Envelopes, 8.5 x 11",
            "total_sales": 98.22,
            "total_quantity": 2
        },
        {
            "Year_Month": "2013-11",
            "Product Name": "Enermax Note Cards, Premium",
            "total_sales": 35.892,
            "total_quantity": 2
        },
        {
            "Year_Month": "2013-11",
            "Product Name": "Green Bar Cards & Envelopes, 8.5 x 11",
            "total_sales": 210.12,
            "total_quantity": 4
        },
        {
            "Year_Month": "2013-11",
            "Product Name": "Green Bar Cards & Envelopes, Multicolor",
            "total_sales": 79.68000000000002,
            "total_quantity": 3
        },
        {
            "Year_Month": "2013-11",
            "Product Name": "Green Bar Note Cards, Premium",
            "total_sales": 35.748,
            "total_quantity": 2
        },
        {
            "Year_Month": "2013-11",
            "Product Name": "Xerox Cards & Envelopes, 8.5 x 11",
            "total_sales": 212.80999999999997,
            "total_quantity": 5
        },
        {
            "Year_Month": "2013-12",
            "Product Name": "Enermax Note Cards, Premium",
            "total_sales": 85.5,
            "total_quantity": 3
        },
        {
            "Year_Month": "2013-12",
            "Product Name": "Green Bar Cards & Envelopes, 8.5 x 11",
            "total_sales": 283.66200000000003,
            "total_quantity": 6
        },
        {
            "Year_Month": "2013-12",
            "Product Name": "Green Bar Cards & Envelopes, Multicolor",
            "total_sales": 617.5200000000001,
            "total_quantity": 16
        },
        {
            "Year_Month": "2014-01",
            "Product Name": "Enermax Note Cards, Premium",
            "total_sales": 234.87900000000002,
            "total_quantity": 10
        },
        {
            "Year_Month": "2014-01",
            "Product Name": "Green Bar Cards & Envelopes, Multicolor",
            "total_sales": 49.8,
            "total_quantity": 2
        },
        {
            "Year_Month": "2014-01",
            "Product Name": "Green Bar Note Cards, Premium",
            "total_sales": 309.375,
            "total_quantity": 16
        },
        {
            "Year_Month": "2014-01",
            "Product Name": "Xerox Cards & Envelopes, 8.5 x 11",
            "total_sales": 98.22,
            "total_quantity": 2
        },
        {
            "Year_Month": "2014-02",
            "Product Name": "Green Bar Cards & Envelopes, 8.5 x 11",
            "total_sales": 173.349,
            "total_quantity": 6
        },
        {
            "Year_Month": "2014-02",
            "Product Name": "Green Bar Note Cards, Premium",
            "total_sales": 31.2,
            "total_quantity": 1
        },
        {
            "Year_Month": "2014-03",
            "Product Name": "Green Bar Note Cards, Premium",
            "total_sales": 41.6,
            "total_quantity": 2
        },
        {
            "Year_Month": "2014-04",
            "Product Name": "Enermax Note Cards, Premium",
            "total_sales": 114.0,
            "total_quantity": 4
        },
        {
            "Year_Month": "2014-05",
            "Product Name": "Green Bar Cards & Envelopes, 8.5 x 11",
            "total_sales": 420.24,
            "total_quantity": 8
        },
        {
            "Year_Month": "2014-05",
            "Product Name": "Green Bar Note Cards, Premium",
            "total_sales": 327.69,
            "total_quantity": 11
        },
        {
            "Year_Month": "2014-06",
            "Product Name": "Green Bar Note Cards, Premium",
            "total_sales": 491.37600000000003,
            "total_quantity": 20
        },
        {
            "Year_Month": "2014-06",
            "Product Name": "Xerox Cards & Envelopes, 8.5 x 11",
            "total_sales": 147.32999999999998,
            "total_quantity": 3
        },
        {
            "Year_Month": "2014-07",
            "Product Name": "Enermax Note Cards, Premium",
            "total_sales": 118.928,
            "total_quantity": 7
        },
        {
            "Year_Month": "2014-07",
            "Product Name": "Green Bar Cards & Envelopes, Multicolor",
            "total_sales": 514.6,
            "total_quantity": 12
        },
        {
            "Year_Month": "2014-08",
            "Product Name": "Enermax Note Cards, Premium",
            "total_sales": 579.528,
            "total_quantity": 23
        },
        {
            "Year_Month": "2014-08",
            "Product Name": "Green Bar Cards & Envelopes, 8.5 x 11",
            "total_sales": 262.65,
            "total_quantity": 5
        },
        {
            "Year_Month": "2014-08",
            "Product Name": "Green Bar Cards & Envelopes, Multicolor",
            "total_sales": 298.8,
            "total_quantity": 6
        },
        {
            "Year_Month": "2014-08",
            "Product Name": "Green Bar Note Cards, Premium",
            "total_sales": 271.089,
            "total_quantity": 10
        },
        {
            "Year_Month": "2014-09",
            "Product Name": "Enermax Note Cards, Premium",
            "total_sales": 190.94,
            "total_quantity": 7
        },
        {
            "Year_Month": "2014-09",
            "Product Name": "Green Bar Cards & Envelopes, 8.5 x 11",
            "total_sales": 157.59,
            "total_quantity": 3
        },
        {
            "Year_Month": "2014-09",
            "Product Name": "Green Bar Cards & Envelopes, Multicolor",
            "total_sales": 99.6,
            "total_quantity": 2
        },
        {
            "Year_Month": "2014-09",
            "Product Name": "Green Bar Note Cards, Premium",
            "total_sales": 29.79,
            "total_quantity": 1
        },
        {
            "Year_Month": "2014-09",
            "Product Name": "Xerox Cards & Envelopes, 8.5 x 11",
            "total_sales": 88.398,
            "total_quantity": 2
        },
        {
            "Year_Month": "2014-10",
            "Product Name": "Enermax Note Cards, Premium",
            "total_sales": 28.5,
            "total_quantity": 1
        },
        {
            "Year_Month": "2014-10",
            "Product Name": "Green Bar Cards & Envelopes, Multicolor",
            "total_sales": 169.32,
            "total_quantity": 4
        },
        {
            "Year_Month": "2014-10",
            "Product Name": "Green Bar Note Cards, Premium",
            "total_sales": 148.215,
            "total_quantity": 6
        },
        {
            "Year_Month": "2014-10",
            "Product Name": "Xerox Cards & Envelopes, 8.5 x 11",
            "total_sales": 851.24,
            "total_quantity": 19
        },
        {
            "Year_Month": "2014-11",
            "Product Name": "Enermax Note Cards, Premium",
            "total_sales": 260.73,
            "total_quantity": 9
        },
        {
            "Year_Month": "2014-11",
            "Product Name": "Green Bar Cards & Envelopes, Multicolor",
            "total_sales": 192.56,
            "total_quantity": 7
        },
        {
            "Year_Month": "2014-11",
            "Product Name": "Green Bar Note Cards, Premium",
            "total_sales": 151.611,
            "total_quantity": 6
        },
        {
            "Year_Month": "2014-12",
            "Product Name": "Enermax Note Cards, Premium",
            "total_sales": 334.3515,
            "total_quantity": 13
        },
        {
            "Year_Month": "2014-12",
            "Product Name": "Green Bar Note Cards, Premium",
            "total_sales": 263.79,
            "total_quantity": 10
        },
        {
            "Year_Month": "2014-12",
            "Product Name": "Xerox Cards & Envelopes, 8.5 x 11",
            "total_sales": 19.644,
            "total_quantity": 1
        },
        {
            "Year_Month": "2015-02",
            "Product Name": "Green Bar Cards & Envelopes, 8.5 x 11",
            "total_sales": 105.06,
            "total_quantity": 3
        },
        {
            "Year_Month": "2015-03",
            "Product Name": "Green Bar Cards & Envelopes, Multicolor",
            "total_sales": 209.16,
            "total_quantity": 7
        },
        {
            "Year_Month": "2015-03",
            "Product Name": "Green Bar Note Cards, Premium",
            "total_sales": 225.888,
            "total_quantity": 11
        },
        {
            "Year_Month": "2015-05",
            "Product Name": "Green Bar Cards & Envelopes, 8.5 x 11",
            "total_sales": 525.3,
            "total_quantity": 10
        },
        {
            "Year_Month": "2015-05",
            "Product Name": "Xerox Cards & Envelopes, 8.5 x 11",
            "total_sales": 589.32,
            "total_quantity": 12
        },
        {
            "Year_Month": "2015-06",
            "Product Name": "Enermax Note Cards, Premium",
            "total_sales": 106.845,
            "total_quantity": 7
        },
        {
            "Year_Month": "2015-07",
            "Product Name": "Green Bar Cards & Envelopes, Multicolor",
            "total_sales": 298.8,
            "total_quantity": 6
        },
        {
            "Year_Month": "2015-07",
            "Product Name": "Xerox Cards & Envelopes, 8.5 x 11",
            "total_sales": 52.0566,
            "total_quantity": 2
        },
        {
            "Year_Month": "2015-08",
            "Product Name": "Enermax Note Cards, Premium",
            "total_sales": 167.496,
            "total_quantity": 12
        },
        {
            "Year_Month": "2015-08",
            "Product Name": "Green Bar Cards & Envelopes, 8.5 x 11",
            "total_sales": 105.06,
            "total_quantity": 2
        },
        {
            "Year_Month": "2015-08",
            "Product Name": "Green Bar Note Cards, Premium",
            "total_sales": 37.44,
            "total_quantity": 3
        },
        {
            "Year_Month": "2015-09",
            "Product Name": "Enermax Note Cards, Premium",
            "total_sales": 68.4,
            "total_quantity": 6
        },
        {
            "Year_Month": "2015-09",
            "Product Name": "Green Bar Note Cards, Premium",
            "total_sales": 196.296,
            "total_quantity": 10
        },
        {
            "Year_Month": "2015-10",
            "Product Name": "Green Bar Note Cards, Premium",
            "total_sales": 79.44,
            "total_quantity": 3
        },
        {
            "Year_Month": "2015-10",
            "Product Name": "Xerox Cards & Envelopes, 8.5 x 11",
            "total_sales": 98.22,
            "total_quantity": 2
        },
        {
            "Year_Month": "2015-11",
            "Product Name": "Green Bar Cards & Envelopes, 8.5 x 11",
            "total_sales": 341.445,
            "total_quantity": 10
        },
        {
            "Year_Month": "2015-11",
            "Product Name": "Green Bar Note Cards, Premium",
            "total_sales": 62.4,
            "total_quantity": 3
        },
        {
            "Year_Month": "2015-11",
            "Product Name": "Xerox Cards & Envelopes, 8.5 x 11",
            "total_sales": 343.77,
            "total_quantity": 7
        },
        {
            "Year_Month": "2015-12",
            "Product Name": "Enermax Note Cards, Premium",
            "total_sales": 355.73,
            "total_quantity": 14
        },
        {
            "Year_Month": "2015-12",
            "Product Name": "Green Bar Cards & Envelopes, 8.5 x 11",
            "total_sales": 21.012,
            "total_quantity": 1
        },
        {
            "Year_Month": "2015-12",
            "Product Name": "Green Bar Cards & Envelopes, Multicolor",
            "total_sales": 680.6,
            "total_quantity": 16
        },
        {
            "Year_Month": "2016-01",
            "Product Name": "Enermax Note Cards, Premium",
            "total_sales": 124.212,
            "total_quantity": 9
        },
        {
            "Year_Month": "2016-01",
            "Product Name": "Green Bar Cards & Envelopes, Multicolor",
            "total_sales": 19.92,
            "total_quantity": 1
        },
        {
            "Year_Month": "2016-02",
            "Product Name": "Enermax Note Cards, Premium",
            "total_sales": 179.46,
            "total_quantity": 6
        },
        {
            "Year_Month": "2016-02",
            "Product Name": "Green Bar Cards & Envelopes, Multicolor",
            "total_sales": 53.12,
            "total_quantity": 2
        },
        {
            "Year_Month": "2016-02",
            "Product Name": "Green Bar Note Cards, Premium",
            "total_sales": 19.86,
            "total_quantity": 1
        },
        {
            "Year_Month": "2016-03",
            "Product Name": "Green Bar Cards & Envelopes, 8.5 x 11",
            "total_sales": 210.12,
            "total_quantity": 4
        },
        {
            "Year_Month": "2016-03",
            "Product Name": "Green Bar Cards & Envelopes, Multicolor",
            "total_sales": 358.56,
            "total_quantity": 8
        },
        {
            "Year_Month": "2016-04",
            "Product Name": "Enermax Note Cards, Premium",
            "total_sales": 142.5,
            "total_quantity": 5
        },
        {
            "Year_Month": "2016-04",
            "Product Name": "Xerox Cards & Envelopes, 8.5 x 11",
            "total_sales": 88.398,
            "total_quantity": 2
        },
        {
            "Year_Month": "2016-05",
            "Product Name": "Enermax Note Cards, Premium",
            "total_sales": 108.6546,
            "total_quantity": 5
        },
        {
            "Year_Month": "2016-05",
            "Product Name": "Green Bar Cards & Envelopes, Multicolor",
            "total_sales": 348.6,
            "total_quantity": 8
        },
        {
            "Year_Month": "2016-05",
            "Product Name": "Green Bar Note Cards, Premium",
            "total_sales": 417.06,
            "total_quantity": 14
        },
        {
            "Year_Month": "2016-06",
            "Product Name": "Enermax Note Cards, Premium",
            "total_sales": 57.0,
            "total_quantity": 2
        },
        {
            "Year_Month": "2016-06",
            "Product Name": "Green Bar Cards & Envelopes, 8.5 x 11",
            "total_sales": 105.06,
            "total_quantity": 2
        },
        {
            "Year_Month": "2016-06",
            "Product Name": "Green Bar Note Cards, Premium",
            "total_sales": 61.46,
            "total_quantity": 3
        },
        {
            "Year_Month": "2016-06",
            "Product Name": "Xerox Cards & Envelopes, 8.5 x 11",
            "total_sales": 245.55,
            "total_quantity": 5
        },
        {
            "Year_Month": "2016-07",
            "Product Name": "Enermax Note Cards, Premium",
            "total_sales": 31.7046,
            "total_quantity": 2
        },
        {
            "Year_Month": "2016-07",
            "Product Name": "Green Bar Cards & Envelopes, Multicolor",
            "total_sales": 199.2,
            "total_quantity": 6
        },
        {
            "Year_Month": "2016-07",
            "Product Name": "Green Bar Note Cards, Premium",
            "total_sales": 269.52,
            "total_quantity": 11
        },
        {
            "Year_Month": "2016-07",
            "Product Name": "Xerox Cards & Envelopes, 8.5 x 11",
            "total_sales": 98.22,
            "total_quantity": 3
        },
        {
            "Year_Month": "2016-08",
            "Product Name": "Enermax Note Cards, Premium",
            "total_sales": 114.0,
            "total_quantity": 4
        },
        {
            "Year_Month": "2016-08",
            "Product Name": "Green Bar Cards & Envelopes, 8.5 x 11",
            "total_sales": 682.89,
            "total_quantity": 16
        },
        {
            "Year_Month": "2016-08",
            "Product Name": "Green Bar Cards & Envelopes, Multicolor",
            "total_sales": 49.8,
            "total_quantity": 2
        },
        {
            "Year_Month": "2016-08",
            "Product Name": "Green Bar Note Cards, Premium",
            "total_sales": 124.8,
            "total_quantity": 6
        },
        {
            "Year_Month": "2016-08",
            "Product Name": "Xerox Cards & Envelopes, 8.5 x 11",
            "total_sales": 294.66,
            "total_quantity": 6
        },
        {
            "Year_Month": "2016-09",
            "Product Name": "Enermax Note Cards, Premium",
            "total_sales": 57.0,
            "total_quantity": 5
        },
        {
            "Year_Month": "2016-09",
            "Product Name": "Green Bar Cards & Envelopes, 8.5 x 11",
            "total_sales": 238.136,
            "total_quantity": 8
        },
        {
            "Year_Month": "2016-10",
            "Product Name": "Enermax Note Cards, Premium",
            "total_sales": 444.42,
            "total_quantity": 15
        },
        {
            "Year_Month": "2016-10",
            "Product Name": "Green Bar Cards & Envelopes, 8.5 x 11",
            "total_sales": 56.032,
            "total_quantity": 2
        },
        {
            "Year_Month": "2016-10",
            "Product Name": "Green Bar Cards & Envelopes, Multicolor",
            "total_sales": 66.4,
            "total_quantity": 2
        },
        {
            "Year_Month": "2016-10",
            "Product Name": "Xerox Cards & Envelopes, 8.5 x 11",
            "total_sales": 98.22,
            "total_quantity": 2
        },
        {
            "Year_Month": "2016-11",
            "Product Name": "Enermax Note Cards, Premium",
            "total_sales": 35.892,
            "total_quantity": 2
        },
        {
            "Year_Month": "2016-11",
            "Product Name": "Green Bar Cards & Envelopes, 8.5 x 11",
            "total_sales": 210.12,
            "total_quantity": 4
        },
        {
            "Year_Month": "2016-11",
            "Product Name": "Green Bar Cards & Envelopes, Multicolor",
            "total_sales": 79.68,
            "total_quantity": 3
        },
        {
            "Year_Month": "2016-11",
            "Product Name": "Green Bar Note Cards, Premium",
            "total_sales": 35.748,
            "total_quantity": 2
        },
        {
            "Year_Month": "2016-11",
            "Product Name": "Xerox Cards & Envelopes, 8.5 x 11",
            "total_sales": 212.81,
            "total_quantity": 5
        },
        {
            "Year_Month": "2016-12",
            "Product Name": "Enermax Note Cards, Premium",
            "total_sales": 85.5,
            "total_quantity": 3
        },
        {
            "Year_Month": "2016-12",
            "Product Name": "Green Bar Cards & Envelopes, 8.5 x 11",
            "total_sales": 283.662,
            "total_quantity": 6
        },
        {
            "Year_Month": "2016-12",
            "Product Name": "Green Bar Cards & Envelopes, Multicolor",
            "total_sales": 617.52,
            "total_quantity": 16
        },
        {
            "Year_Month": "2017-01",
            "Product Name": "Enermax Note Cards, Premium",
            "total_sales": 28.5,
            "total_quantity": 1
        },
        {
            "Year_Month": "2017-01",
            "Product Name": "Green Bar Note Cards, Premium",
            "total_sales": 212.355,
            "total_quantity": 10
        },
        {
            "Year_Month": "2017-03",
            "Product Name": "Green Bar Note Cards, Premium",
            "total_sales": 41.6,
            "total_quantity": 2
        },
        {
            "Year_Month": "2017-04",
            "Product Name": "Enermax Note Cards, Premium",
            "total_sales": 114.0,
            "total_quantity": 4
        },
        {
            "Year_Month": "2017-05",
            "Product Name": "Green Bar Cards & Envelopes, 8.5 x 11",
            "total_sales": 157.59,
            "total_quantity": 3
        },
        {
            "Year_Month": "2017-05",
            "Product Name": "Green Bar Note Cards, Premium",
            "total_sales": 89.37,
            "total_quantity": 3
        },
        {
            "Year_Month": "2017-06",
            "Product Name": "Green Bar Note Cards, Premium",
            "total_sales": 62.4,
            "total_quantity": 5
        },
        {
            "Year_Month": "2017-06",
            "Product Name": "Xerox Cards & Envelopes, 8.5 x 11",
            "total_sales": 147.33,
            "total_quantity": 3
        },
        {
            "Year_Month": "2017-07",
            "Product Name": "Enermax Note Cards, Premium",
            "total_sales": 23.928,
            "total_quantity": 2
        },
        {
            "Year_Month": "2017-07",
            "Product Name": "Green Bar Cards & Envelopes, Multicolor",
            "total_sales": 265.6,
            "total_quantity": 7
        },
        {
            "Year_Month": "2017-08",
            "Product Name": "Enermax Note Cards, Premium",
            "total_sales": 579.528,
            "total_quantity": 23
        },
        {
            "Year_Month": "2017-08",
            "Product Name": "Green Bar Cards & Envelopes, 8.5 x 11",
            "total_sales": 157.59,
            "total_quantity": 3
        },
        {
            "Year_Month": "2017-08",
            "Product Name": "Green Bar Note Cards, Premium",
            "total_sales": 241.299,
            "total_quantity": 9
        },
        {
            "Year_Month": "2017-09",
            "Product Name": "Enermax Note Cards, Premium",
            "total_sales": 190.94,
            "total_quantity": 7
        },
        {
            "Year_Month": "2017-09",
            "Product Name": "Green Bar Cards & Envelopes, 8.5 x 11",
            "total_sales": 157.59,
            "total_quantity": 3
        },
        {
            "Year_Month": "2017-09",
            "Product Name": "Green Bar Cards & Envelopes, Multicolor",
            "total_sales": 99.6,
            "total_quantity": 2
        },
        {
            "Year_Month": "2017-09",
            "Product Name": "Green Bar Note Cards, Premium",
            "total_sales": 29.79,
            "total_quantity": 1
        },
        {
            "Year_Month": "2017-09",
            "Product Name": "Xerox Cards & Envelopes, 8.5 x 11",
            "total_sales": 88.398,
            "total_quantity": 2
        },
        {
            "Year_Month": "2017-10",
            "Product Name": "Enermax Note Cards, Premium",
            "total_sales": 28.5,
            "total_quantity": 1
        },
        {
            "Year_Month": "2017-10",
            "Product Name": "Green Bar Cards & Envelopes, Multicolor",
            "total_sales": 19.92,
            "total_quantity": 1
        },
        {
            "Year_Month": "2017-10",
            "Product Name": "Green Bar Note Cards, Premium",
            "total_sales": 133.32,
            "total_quantity": 5
        },
        {
            "Year_Month": "2017-10",
            "Product Name": "Xerox Cards & Envelopes, 8.5 x 11",
            "total_sales": 785.76,
            "total_quantity": 17
        },
        {
            "Year_Month": "2017-11",
            "Product Name": "Enermax Note Cards, Premium",
            "total_sales": 89.73,
            "total_quantity": 3
        },
        {
            "Year_Month": "2017-11",
            "Product Name": "Green Bar Cards & Envelopes, Multicolor",
            "total_sales": 192.56,
            "total_quantity": 7
        },
        {
            "Year_Month": "2017-11",
            "Product Name": "Green Bar Note Cards, Premium",
            "total_sales": 26.811,
            "total_quantity": 1
        },
        {
            "Year_Month": "2017-12",
            "Product Name": "Enermax Note Cards, Premium",
            "total_sales": 106.3515,
            "total_quantity": 5
        },
        {
            "Year_Month": "2017-12",
            "Product Name": "Green Bar Note Cards, Premium",
            "total_sales": 46.8,
            "total_quantity": 3
        },
        {
            "Year_Month": "2017-12",
            "Product Name": "Xerox Cards & Envelopes, 8.5 x 11",
            "total_sales": 19.644,
            "total_quantity": 1
        }
    ],
    "most_frequent_order_month": [
        {
            "Order Month": "2014-12",
            "Order Count": 236
        },
        {
            "Order Month": "2014-11",
            "Order Count": 227
        },
        {
            "Order Month": "2014-09",
            "Order Count": 209
        },
        {
            "Order Month": "2014-10",
            "Order Count": 193
        },
        {
            "Order Month": "2014-08",
            "Order Count": 172
        },
        {
            "Order Month": "2014-06",
            "Order Count": 162
        },
        {
            "Order Month": "2017-12",
            "Order Count": 154
        },
        {
            "Order Month": "2017-09",
            "Order Count": 137
        },
        {
            "Order Month": "2014-05",
            "Order Count": 136
        },
        {
            "Order Month": "2017-11",
            "Order Count": 135
        },
        {
            "Order Month": "2017-10",
            "Order Count": 135
        },
        {
            "Order Month": "2013-06",
            "Order Count": 118
        },
        {
            "Order Month": "2016-06",
            "Order Count": 117
        },
        {
            "Order Month": "2013-11",
            "Order Count": 115
        },
        {
            "Order Month": "2016-09",
            "Order Count": 115
        },
        {
            "Order Month": "2013-09",
            "Order Count": 115
        },
        {
            "Order Month": "2013-12",
            "Order Count": 115
        },
        {
            "Order Month": "2016-11",
            "Order Count": 114
        },
        {
            "Order Month": "2016-12",
            "Order Count": 113
        },
        {
            "Order Month": "2017-06",
            "Order Count": 110
        }
    ],
    "time_series_analysis": [
        {
            "Order Date": "2011-01",
            "Sales": 2138.6388,
            "Quantity": 123,
            "Sales_MA": NaN
        },
        {
            "Order Date": "2011-02",
            "Sales": 1407.181,
            "Quantity": 74,
            "Sales_MA": NaN
        },
        {
            "Order Date": "2011-03",
            "Sales": 2064.6476,
            "Quantity": 133,
            "Sales_MA": 1870.1557999999998
        },
        {
            "Order Date": "2011-04",
            "Sales": 2595.125,
            "Quantity": 138,
            "Sales_MA": 2022.3178666666665
        },
        {
            "Order Date": "2011-05",
            "Sales": 2352.708,
            "Quantity": 133,
            "Sales_MA": 2337.4935333333337
        },
        {
            "Order Date": "2011-06",
            "Sales": 4282.6675000000005,
            "Quantity": 188,
            "Sales_MA": 3076.8335
        },
        {
            "Order Date": "2011-07",
            "Sales": 1921.4862,
            "Quantity": 118,
            "Sales_MA": 2852.287233333333
        },
        {
            "Order Date": "2011-08",
            "Sales": 6286.8706,
            "Quantity": 275,
            "Sales_MA": 4163.674766666667
        },
        {
            "Order Date": "2011-09",
            "Sales": 3690.3486000000003,
            "Quantity": 257,
            "Sales_MA": 3966.2351333333336
        },
        {
            "Order Date": "2011-10",
            "Sales": 3360.3062,
            "Quantity": 181,
            "Sales_MA": 4445.841800000001
        },
        {
            "Order Date": "2011-11",
            "Sales": 7273.1069,
            "Quantity": 364,
            "Sales_MA": 4774.587233333333
        },
        {
            "Order Date": "2011-12",
            "Sales": 5292.8917,
            "Quantity": 302,
            "Sales_MA": 5308.768266666666
        },
        {
            "Order Date": "2012-01",
            "Sales": 2618.093,
            "Quantity": 145,
            "Sales_MA": 5061.363866666667
        },
        {
            "Order Date": "2012-02",
            "Sales": 1622.657,
            "Quantity": 100,
            "Sales_MA": 3177.8805666666667
        },
        {
            "Order Date": "2012-03",
            "Sales": 4438.348,
            "Quantity": 213,
            "Sales_MA": 2893.0326666666665
        },
        {
            "Order Date": "2012-04",
            "Sales": 1432.8880000000001,
            "Quantity": 80,
            "Sales_MA": 2497.9643333333333
        },
        {
            "Order Date": "2012-05",
            "Sales": 5355.6804,
            "Quantity": 252,
            "Sales_MA": 3742.3054666666667
        },
        {
            "Order Date": "2012-06",
            "Sales": 3507.2315000000003,
            "Quantity": 239,
            "Sales_MA": 3431.9333
        },
        {
            "Order Date": "2012-07",
            "Sales": 3307.5798,
            "Quantity": 193,
            "Sales_MA": 4056.830566666666
        },
        {
            "Order Date": "2012-08",
            "Sales": 5137.286700000001,
            "Quantity": 258,
            "Sales_MA": 3984.0326666666674
        },
        {
            "Order Date": "2012-09",
            "Sales": 5488.5312,
            "Quantity": 303,
            "Sales_MA": 4644.4659
        },
        {
            "Order Date": "2012-10",
            "Sales": 4549.4619,
            "Quantity": 246,
            "Sales_MA": 5058.426600000001
        },
        {
            "Order Date": "2012-11",
            "Sales": 7273.3445,
            "Quantity": 356,
            "Sales_MA": 5770.445866666666
        },
        {
            "Order Date": "2012-12",
            "Sales": 6781.2773,
            "Quantity": 363,
            "Sales_MA": 6201.361233333333
        },
        {
            "Order Date": "2013-01",
            "Sales": 3887.1001,
            "Quantity": 172,
            "Sales_MA": 5980.573966666667
        },
        {
            "Order Date": "2013-02",
            "Sales": 3509.0287,
            "Quantity": 129,
            "Sales_MA": 4725.802033333333
        },
        {
            "Order Date": "2013-03",
            "Sales": 3568.107,
            "Quantity": 175,
            "Sales_MA": 3654.745266666667
        },
        {
            "Order Date": "2013-04",
            "Sales": 3615.619,
            "Quantity": 205,
            "Sales_MA": 3564.2515666666673
        },
        {
            "Order Date": "2013-05",
            "Sales": 7594.3296,
            "Quantity": 365,
            "Sales_MA": 4926.018533333333
        },
        {
            "Order Date": "2013-06",
            "Sales": 9102.1366,
            "Quantity": 458,
            "Sales_MA": 6770.695066666667
        },
        {
            "Order Date": "2013-07",
            "Sales": 4995.498500000001,
            "Quantity": 268,
            "Sales_MA": 7230.6549
        },
        {
            "Order Date": "2013-08",
            "Sales": 7053.1531,
            "Quantity": 367,
            "Sales_MA": 7050.262733333334
        },
        {
            "Order Date": "2013-09",
            "Sales": 6680.7232,
            "Quantity": 437,
            "Sales_MA": 6243.1249333333335
        },
        {
            "Order Date": "2013-10",
            "Sales": 5161.1244,
            "Quantity": 278,
            "Sales_MA": 6298.333566666667
        },
        {
            "Order Date": "2013-11",
            "Sales": 7594.2371,
            "Quantity": 392,
            "Sales_MA": 6478.6948999999995
        },
        {
            "Order Date": "2013-12",
            "Sales": 7751.4975,
            "Quantity": 435,
            "Sales_MA": 6835.6196666666665
        },
        {
            "Order Date": "2014-01",
            "Sales": 5646.5886,
            "Quantity": 309,
            "Sales_MA": 6997.441066666666
        },
        {
            "Order Date": "2014-02",
            "Sales": 3598.2831,
            "Quantity": 177,
            "Sales_MA": 5665.4564
        },
        {
            "Order Date": "2014-03",
            "Sales": 7021.8461,
            "Quantity": 356,
            "Sales_MA": 5422.2392666666665
        },
        {
            "Order Date": "2014-04",
            "Sales": 7173.662,
            "Quantity": 358,
            "Sales_MA": 5931.263733333333
        },
        {
            "Order Date": "2014-05",
            "Sales": 8754.7386,
            "Quantity": 478,
            "Sales_MA": 7650.082233333334
        },
        {
            "Order Date": "2014-06",
            "Sales": 12118.797,
            "Quantity": 589,
            "Sales_MA": 9349.065866666666
        },
        {
            "Order Date": "2014-07",
            "Sales": 6168.4421,
            "Quantity": 347,
            "Sales_MA": 9013.992566666668
        },
        {
            "Order Date": "2014-08",
            "Sales": 14636.9986,
            "Quantity": 664,
            "Sales_MA": 10974.7459
        },
        {
            "Order Date": "2014-09",
            "Sales": 12434.788,
            "Quantity": 736,
            "Sales_MA": 11080.076233333335
        },
        {
            "Order Date": "2014-10",
            "Sales": 12279.8622,
            "Quantity": 641,
            "Sales_MA": 13117.216266666668
        },
        {
            "Order Date": "2014-11",
            "Sales": 16040.1424,
            "Quantity": 878,
            "Sales_MA": 13584.930866666667
        },
        {
            "Order Date": "2014-12",
            "Sales": 16100.5406,
            "Quantity": 838,
            "Sales_MA": 14806.8484
        },
        {
            "Order Date": "2015-01",
            "Sales": 2614.757,
            "Quantity": 146,
            "Sales_MA": 11585.146666666667
        },
        {
            "Order Date": "2015-02",
            "Sales": 1470.5529999999999,
            "Quantity": 92,
            "Sales_MA": 6728.616866666667
        },
        {
            "Order Date": "2015-03",
            "Sales": 4332.828,
            "Quantity": 209,
            "Sales_MA": 2806.0460000000003
        },
        {
            "Order Date": "2015-04",
            "Sales": 1380.128,
            "Quantity": 78,
            "Sales_MA": 2394.503
        },
        {
            "Order Date": "2015-05",
            "Sales": 5270.6244,
            "Quantity": 249,
            "Sales_MA": 3661.193466666666
        },
        {
            "Order Date": "2015-06",
            "Sales": 3507.2315,
            "Quantity": 239,
            "Sales_MA": 3385.9946333333332
        },
        {
            "Order Date": "2015-07",
            "Sales": 3285.6678,
            "Quantity": 188,
            "Sales_MA": 4021.1745666666666
        },
        {
            "Order Date": "2015-08",
            "Sales": 5137.2867,
            "Quantity": 258,
            "Sales_MA": 3976.7286666666673
        },
        {
            "Order Date": "2015-09",
            "Sales": 5346.7712,
            "Quantity": 298,
            "Sales_MA": 4589.908566666667
        },
        {
            "Order Date": "2015-10",
            "Sales": 4524.9019,
            "Quantity": 244,
            "Sales_MA": 5002.9866
        },
        {
            "Order Date": "2015-11",
            "Sales": 7147.1045,
            "Quantity": 349,
            "Sales_MA": 5672.925866666667
        },
        {
            "Order Date": "2015-12",
            "Sales": 6764.1573,
            "Quantity": 359,
            "Sales_MA": 6145.387900000001
        },
        {
            "Order Date": "2016-01",
            "Sales": 3830.4001,
            "Quantity": 167,
            "Sales_MA": 5913.887299999999
        },
        {
            "Order Date": "2016-02",
            "Sales": 3509.0287,
            "Quantity": 129,
            "Sales_MA": 4701.195366666667
        },
        {
            "Order Date": "2016-03",
            "Sales": 3541.727,
            "Quantity": 174,
            "Sales_MA": 3627.0519333333336
        },
        {
            "Order Date": "2016-04",
            "Sales": 3615.6189999999997,
            "Quantity": 205,
            "Sales_MA": 3555.4582333333333
        },
        {
            "Order Date": "2016-05",
            "Sales": 7482.3696,
            "Quantity": 363,
            "Sales_MA": 4879.9052
        },
        {
            "Order Date": "2016-06",
            "Sales": 9087.1966,
            "Quantity": 455,
            "Sales_MA": 6728.395066666667
        },
        {
            "Order Date": "2016-07",
            "Sales": 4995.4985,
            "Quantity": 268,
            "Sales_MA": 7188.354900000001
        },
        {
            "Order Date": "2016-08",
            "Sales": 6952.3531,
            "Quantity": 360,
            "Sales_MA": 7011.682733333332
        },
        {
            "Order Date": "2016-09",
            "Sales": 6680.7232,
            "Quantity": 437,
            "Sales_MA": 6209.524933333334
        },
        {
            "Order Date": "2016-10",
            "Sales": 5132.7724,
            "Quantity": 277,
            "Sales_MA": 6255.282900000001
        },
        {
            "Order Date": "2016-11",
            "Sales": 7523.2571,
            "Quantity": 385,
            "Sales_MA": 6445.584233333334
        },
        {
            "Order Date": "2016-12",
            "Sales": 7705.9575,
            "Quantity": 430,
            "Sales_MA": 6787.329000000001
        },
        {
            "Order Date": "2017-01",
            "Sales": 3507.9498,
            "Quantity": 186,
            "Sales_MA": 6245.721466666667
        },
        {
            "Order Date": "2017-02",
            "Sales": 2149.7621,
            "Quantity": 97,
            "Sales_MA": 4454.556466666667
        },
        {
            "Order Date": "2017-03",
            "Sales": 4873.7945,
            "Quantity": 221,
            "Sales_MA": 3510.502133333333
        },
        {
            "Order Date": "2017-04",
            "Sales": 4472.217,
            "Quantity": 217,
            "Sales_MA": 3831.924533333333
        },
        {
            "Order Date": "2017-05",
            "Sales": 6363.6706,
            "Quantity": 336,
            "Sales_MA": 5236.560699999999
        },
        {
            "Order Date": "2017-06",
            "Sales": 7730.1375,
            "Quantity": 404,
            "Sales_MA": 6188.675033333333
        },
        {
            "Order Date": "2017-07",
            "Sales": 4305.7209,
            "Quantity": 227,
            "Sales_MA": 6133.176333333333
        },
        {
            "Order Date": "2017-08",
            "Sales": 8239.099,
            "Quantity": 379,
            "Sales_MA": 6758.319133333333
        },
        {
            "Order Date": "2017-09",
            "Sales": 8808.9754,
            "Quantity": 488,
            "Sales_MA": 7117.931766666666
        },
        {
            "Order Date": "2017-10",
            "Sales": 8413.024,
            "Quantity": 439,
            "Sales_MA": 8487.032799999999
        },
        {
            "Order Date": "2017-11",
            "Sales": 8827.5735,
            "Quantity": 512,
            "Sales_MA": 8683.190966666667
        },
        {
            "Order Date": "2017-12",
            "Sales": 10882.8069,
            "Quantity": 543,
            "Sales_MA": 9374.468133333334
        }
    ],
    "customer_segmentation": [
        {
            "Customer Name": "Eugene Hildebrand",
            "total_spent": 2540.0596,
            "purchase_frequency": 14,
            "average_order_value": 181.4328285714286
        },
        {
            "Customer Name": "Ross DeVincentis",
            "total_spent": 2472.344,
            "purchase_frequency": 12,
            "average_order_value": 145.43200000000002
        },
        {
            "Customer Name": "Thomas Seio",
            "total_spent": 2415.116,
            "purchase_frequency": 10,
            "average_order_value": 241.5116
        },
        {
            "Customer Name": "David Flashing",
            "total_spent": 2307.36,
            "purchase_frequency": 8,
            "average_order_value": 230.73600000000002
        },
        {
            "Customer Name": "John Murray",
            "total_spent": 2250.448,
            "purchase_frequency": 16,
            "average_order_value": 125.02488888888888
        },
        {
            "Customer Name": "Dave Hallsten",
            "total_spent": 2227.12,
            "purchase_frequency": 12,
            "average_order_value": 123.72888888888889
        },
        {
            "Customer Name": "Paul Prost",
            "total_spent": 2149.748,
            "purchase_frequency": 10,
            "average_order_value": 119.43044444444445
        },
        {
            "Customer Name": "Harry Greene",
            "total_spent": 2092.702,
            "purchase_frequency": 16,
            "average_order_value": 110.14221052631581
        },
        {
            "Customer Name": "Dennis Kane",
            "total_spent": 2090.82,
            "purchase_frequency": 12,
            "average_order_value": 130.67625
        },
        {
            "Customer Name": "Alan Shonely",
            "total_spent": 2074.948,
            "purchase_frequency": 18,
            "average_order_value": 115.27488888888888
        }
    ],
    "discount_analysis": [
        {
            "Discount": 0.0,
            "total_sales": 353962.56,
            "total_quantity": 16461,
            "average_profit": 24.9868
        },
        {
            "Discount": 0.1,
            "total_sales": 33633.414,
            "total_quantity": 1366,
            "average_profit": 18.0216
        },
        {
            "Discount": 0.17,
            "total_sales": 3048.0588,
            "total_quantity": 144,
            "average_profit": 9.04
        },
        {
            "Discount": 0.2,
            "total_sales": 55299.104,
            "total_quantity": 4175,
            "average_profit": 15.9269
        },
        {
            "Discount": 0.4,
            "total_sales": 13091.268,
            "total_quantity": 1124,
            "average_profit": -11.8872
        },
        {
            "Discount": 0.45,
            "total_sales": 3705.537,
            "total_quantity": 234,
            "average_profit": -21.3429
        },
        {
            "Discount": 0.47,
            "total_sales": 9470.517,
            "total_quantity": 692,
            "average_profit": -22.283
        },
        {
            "Discount": 0.5,
            "total_sales": 7769.43,
            "total_quantity": 598,
            "average_profit": -19.9179
        },
        {
            "Discount": 0.6,
            "total_sales": 4085.032,
            "total_quantity": 438,
            "average_profit": -20.827
        },
        {
            "Discount": 0.7,
            "total_sales": 2014.326,
            "total_quantity": 262,
            "average_profit": -30.1674
        }
    ],
    "geographic_distribution": [
        {
            "State": "New York",
            "City": "New York City",
            "total_sales": 13562.74,
            "total_quantity": 909,
            "Location": "New York, New York City"
        },
        {
            "State": "California",
            "City": "Los Angeles",
            "total_sales": 12544.82,
            "total_quantity": 892,
            "Location": "California, Los Angeles"
        },
        {
            "State": "California",
            "City": "San Francisco",
            "total_sales": 9775.3,
            "total_quantity": 560,
            "Location": "California, San Francisco"
        },
        {
            "State": "Texas",
            "City": "Houston",
            "total_sales": 6625.360000000001,
            "total_quantity": 491,
            "Location": "Texas, Houston"
        },
        {
            "State": "Washington",
            "City": "Seattle",
            "total_sales": 6064.04,
            "total_quantity": 386,
            "Location": "Washington, Seattle"
        },
        {
            "State": "Illinois",
            "City": "Chicago",
            "total_sales": 4929.312,
            "total_quantity": 339,
            "Location": "Illinois, Chicago"
        },
        {
            "State": "Singapore",
            "City": "Singapore",
            "total_sales": 4836.54,
            "total_quantity": 146,
            "Location": "Singapore, Singapore"
        },
        {
            "State": "New South Wales",
            "City": "Sydney",
            "total_sales": 4477.95,
            "total_quantity": 150,
            "Location": "New South Wales, Sydney"
        },
        {
            "State": "Pennsylvania",
            "City": "Philadelphia",
            "total_sales": 4067.2160000000003,
            "total_quantity": 450,
            "Location": "Pennsylvania, Philadelphia"
        },
        {
            "State": "California",
            "City": "San Diego",
            "total_sales": 3641.82,
            "total_quantity": 158,
            "Location": "California, San Diego"
        },
        {
            "State": "Western Australia",
            "City": "Perth",
            "total_sales": 3439.044,
            "total_quantity": 166,
            "Location": "Western Australia, Perth"
        },
        {
            "State": "South Australia",
            "City": "Adelaide",
            "total_sales": 3438.7740000000003,
            "total_quantity": 142,
            "Location": "South Australia, Adelaide"
        },
        {
            "State": "Managua",
            "City": "Managua",
            "total_sales": 3380.44,
            "total_quantity": 158,
            "Location": "Managua, Managua"
        },
        {
            "State": "Santo Domingo",
            "City": "Santo Domingo",
            "total_sales": 3262.4,
            "total_quantity": 194,
            "Location": "Santo Domingo, Santo Domingo"
        },
        {
            "State": "Madrid",
            "City": "Madrid",
            "total_sales": 2730.54,
            "total_quantity": 94,
            "Location": "Madrid, Madrid"
        }
    ],
    "ship_mode_analysis": {
        "First Class": {
            "total_orders": 997,
            "avg_shipping_delay": 2.14,
            "total_profit": 16549.13,
            "shipping_cost_ratio": 0.17
        },
        "Same Day": {
            "total_orders": 384,
            "avg_shipping_delay": 0.03,
            "total_profit": 6441.96,
            "shipping_cost_ratio": 0.18
        },
        "Second Class": {
            "total_orders": 1306,
            "avg_shipping_delay": 3.16,
            "total_profit": 24917.72,
            "shipping_cost_ratio": 0.13
        },
        "Standard Class": {
            "total_orders": 3748,
            "avg_shipping_delay": 4.99,
            "total_profit": 69410.53,
            "shipping_cost_ratio": 0.09
        }
    },
    "order_priority_analysis": {
        "Critical": {
            "avg_profit_margin": 0.21,
            "ship_mode_distribution": {
                "First Class": 0.43847487001733104,
                "Second Class": 0.3587521663778163,
                "Same Day": 0.2027729636048527
            }
        },
        "High": {
            "avg_profit_margin": 0.19,
            "ship_mode_distribution": {
                "Standard Class": 0.42469470827679784,
                "Second Class": 0.2591587516960651,
                "First Class": 0.22885572139303484,
                "Same Day": 0.08729081863410222
            }
        },
        "Low": {
            "avg_profit_margin": 0.24,
            "ship_mode_distribution": {
                "Standard Class": 1.0
            }
        },
        "Medium": {
            "avg_profit_margin": 0.19,
            "ship_mode_distribution": {
                "Standard Class": 0.7214646464646465,
                "Second Class": 0.1686868686868687,
                "First Class": 0.08257575757575758,
                "Same Day": 0.02727272727272727
            }
        }
    },
    "rfm_analysis": {
        "median_values": {
            "recency": 794.0,
            "frequency": 1.0,
            "monetary": 66.798
        },
        "customer_distribution": {
            "Promising Customers": 1090,
            "Lost Customers": 788,
            "At-Risk Customers": 727,
            "Big Spenders": 676,
            "Hibernating Customers": 434,
            "VIP": 167,
            "Loyal Customers": 70,
            "Slipping Away": 56
        }
    },
    "churn_analysis": {
        "total_customers": 4008,
        "churned_customers": 2962,
        "churn_rate": 0.7390219560878244,
        "avg_recency": 812.5768463073853,
        "avg_frequency": 1.753992015968064,
        "avg_monetary": 121.27725718562873,
        "churned_customer_characteristics": {
            "avg_recency": 1048.3700202565833,
            "avg_frequency": 1.925050641458474,
            "avg_monetary": 134.25281485482782,
            "avg_discount": 0.120181003631375,
            "avg_quantity": 3.5688861339350875,
            "avg_shipping_cost": 7.617305457049516,
            "avg_profit": 14.74231710233058
        },
        "active_customer_characteristics": {
            "avg_recency": 144.87189292543022,
            "avg_frequency": 1.2695984703632888,
            "avg_monetary": 84.53385200764818,
            "avg_discount": 0.10946826914322136,
            "avg_quantity": 3.4812437403259584,
            "avg_shipping_cost": 7.51564720477101,
            "avg_profit": 16.91447435149777
        }
    }
}