{
    "segment_distribution": {
        "Consumer": [
            5162,
            0.53
        ],
        "Corporate": [
            2788,
            0.29
        ],
        "Home Office": [
            1797,
            0.18
        ]
    },
    "segment_quantity": {
        "Consumer": 3.36,
        "Corporate": 3.34,
        "Home Office": 3.26
    },
    "segment_unit_price": {
        "Consumer": 23.13,
        "Corporate": 22.25,
        "Home Office": 23.09
    },
    "segment_profit": {
        "Consumer": 3.81,
        "Corporate": 3.07,
        "Home Office": 3.59
    },
    "segment_discount": {
        "Consumer": 0.11,
        "Corporate": 0.12,
        "Home Office": 0.13
    },
    "country_distribution": {
        "United States": [
            1573,
            0.16
        ],
        "France": [
            796,
            0.08
        ],
        "Germany": [
            628,
            0.06
        ],
        "United Kingdom": [
            458,
            0.05
        ],
        "Turkey": [
            424,
            0.04
        ],
        "Mexico": [
            346,
            0.04
        ],
        "Australia": [
            342,
            0.04
        ],
        "Italy": [
            319,
            0.03
        ],
        "Nigeria": [
            244,
            0.03
        ],
        "China": [
            238,
            0.02
        ],
        "Spain": [
            238,
            0.02
        ],
        "Indonesia": [
            198,
            0.02
        ],
        "Brazil": [
            185,
            0.02
        ],
        "Egypt": [
            152,
            0.02
        ],
        "India": [
            152,
            0.02
        ],
        "Morocco": [
            142,
            0.01
        ],
        "Iran": [
            136,
            0.01
        ],
        "Iraq": [
            126,
            0.01
        ],
        "Canada": [
            124,
            0.01
        ],
        "Russia": [
            124,
            0.01
        ],
        "Democratic Republic of the Congo": [
            120,
            0.01
        ],
        "Netherlands": [
            114,
            0.01
        ],
        "South Africa": [
            107,
            0.01
        ],
        "El Salvador": [
            96,
            0.01
        ],
        "Ukraine": [
            96,
            0.01
        ],
        "Austria": [
            96,
            0.01
        ],
        "Philippines": [
            84,
            0.01
        ],
        "New Zealand": [
            84,
            0.01
        ],
        "Saudi Arabia": [
            82,
            0.01
        ],
        "Cuba": [
            78,
            0.01
        ],
        "Honduras": [
            74,
            0.01
        ],
        "Guatemala": [
            70,
            0.01
        ],
        "Dominican Republic": [
            70,
            0.01
        ],
        "Sweden": [
            62,
            0.01
        ],
        "Colombia": [
            58,
            0.01
        ],
        "Poland": [
            58,
            0.01
        ],
        "Algeria": [
            56,
            0.01
        ],
        "Panama": [
            56,
            0.01
        ],
        "Romania": [
            52,
            0.01
        ],
        "Nicaragua": [
            50,
            0.01
        ],
        "Argentina": [
            48,
            0.0
        ],
        "Japan": [
            42,
            0.0
        ],
        "Belgium": [
            38,
            0.0
        ],
        "Tanzania": [
            36,
            0.0
        ],
        "Zimbabwe": [
            36,
            0.0
        ],
        "Vietnam": [
            34,
            0.0
        ],
        "Ireland": [
            34,
            0.0
        ],
        "Israel": [
            34,
            0.0
        ],
        "Belarus": [
            32,
            0.0
        ],
        "Thailand": [
            32,
            0.0
        ],
        "Kazakhstan": [
            32,
            0.0
        ],
        "Pakistan": [
            30,
            0.0
        ],
        "Kenya": [
            30,
            0.0
        ],
        "Czech Republic": [
            30,
            0.0
        ],
        "Ghana": [
            28,
            0.0
        ],
        "Bangladesh": [
            26,
            0.0
        ],
        "Venezuela": [
            26,
            0.0
        ],
        "Myanmar (Burma)": [
            26,
            0.0
        ],
        "Switzerland": [
            26,
            0.0
        ],
        "Norway": [
            24,
            0.0
        ],
        "Hungary": [
            22,
            0.0
        ],
        "Madagascar": [
            22,
            0.0
        ],
        "Sudan": [
            20,
            0.0
        ],
        "Mozambique": [
            20,
            0.0
        ],
        "Finland": [
            20,
            0.0
        ],
        "Portugal": [
            18,
            0.0
        ],
        "Benin": [
            18,
            0.0
        ],
        "Peru": [
            18,
            0.0
        ],
        "Angola": [
            18,
            0.0
        ],
        "Senegal": [
            17,
            0.0
        ],
        "Niger": [
            16,
            0.0
        ],
        "Cameroon": [
            14,
            0.0
        ],
        "Malaysia": [
            14,
            0.0
        ],
        "Cote d'Ivoire": [
            14,
            0.0
        ],
        "Togo": [
            14,
            0.0
        ],
        "Singapore": [
            14,
            0.0
        ],
        "Denmark": [
            14,
            0.0
        ],
        "Bulgaria": [
            14,
            0.0
        ],
        "C\u00f4te-d'Ivoire": [
            14,
            0.0
        ],
        "Haiti": [
            12,
            0.0
        ],
        "Mali": [
            12,
            0.0
        ],
        "Lithuania": [
            12,
            0.0
        ],
        "Yemen": [
            12,
            0.0
        ],
        "Zambia": [
            12,
            0.0
        ],
        "Somalia": [
            10,
            0.0
        ],
        "Rwanda": [
            10,
            0.0
        ],
        "Djibouti": [
            10,
            0.0
        ],
        "Kyrgyzstan": [
            10,
            0.0
        ],
        "Chile": [
            10,
            0.0
        ],
        "Afghanistan": [
            8,
            0.0
        ],
        "Moldova": [
            8,
            0.0
        ],
        "Tunisia": [
            8,
            0.0
        ],
        "Turkmenistan": [
            8,
            0.0
        ],
        "Uganda": [
            8,
            0.0
        ],
        "Mongolia": [
            8,
            0.0
        ],
        "South Korea": [
            8,
            0.0
        ],
        "Croatia": [
            8,
            0.0
        ],
        "Jordan": [
            6,
            0.0
        ],
        "Qatar": [
            6,
            0.0
        ],
        "Georgia": [
            6,
            0.0
        ],
        "Ecuador": [
            6,
            0.0
        ],
        "Libya": [
            6,
            0.0
        ],
        "Albania": [
            6,
            0.0
        ],
        "Azerbaijan": [
            6,
            0.0
        ],
        "Ethiopia": [
            4,
            0.0
        ],
        "Martinique": [
            4,
            0.0
        ],
        "Liberia": [
            4,
            0.0
        ],
        "Uzbekistan": [
            4,
            0.0
        ],
        "Guinea": [
            4,
            0.0
        ],
        "Bosnia and Herzegovina": [
            4,
            0.0
        ],
        "Syria": [
            4,
            0.0
        ],
        "Gabon": [
            2,
            0.0
        ],
        "Barbados": [
            2,
            0.0
        ],
        "Mauritania": [
            2,
            0.0
        ],
        "Nepal": [
            2,
            0.0
        ],
        "Namibia": [
            2,
            0.0
        ],
        "Central African Republic": [
            2,
            0.0
        ],
        "Guinea-Bissau": [
            2,
            0.0
        ],
        "Slovakia": [
            2,
            0.0
        ],
        "Hong Kong": [
            2,
            0.0
        ],
        "Bolivia": [
            2,
            0.0
        ],
        "Jamaica": [
            2,
            0.0
        ],
        "United Arab Emirates": [
            2,
            0.0
        ],
        "Belize": [
            1,
            0.0
        ],
        "Botswana": [
            1,
            0.0
        ],
        "Burkina Faso": [
            1,
            0.0
        ],
        "Costa Rica": [
            1,
            0.0
        ],
        "French Guiana": [
            1,
            0.0
        ],
        "Greece": [
            1,
            0.0
        ]
    },
    "country_quantity": {
        "Afghanistan": 4.75,
        "Albania": 3.0,
        "Algeria": 2.29,
        "Angola": 3.0,
        "Argentina": 4.62,
        "Australia": 3.68,
        "Austria": 2.96,
        "Azerbaijan": 1.67,
        "Bangladesh": 4.69,
        "Barbados": 3.0,
        "Belarus": 2.12,
        "Belgium": 3.26,
        "Belize": 1.0,
        "Benin": 1.44,
        "Bolivia": 2.0,
        "Bosnia and Herzegovina": 4.5,
        "Botswana": 1.0,
        "Brazil": 3.58,
        "Bulgaria": 1.14,
        "Burkina Faso": 8.0,
        "Cameroon": 2.29,
        "Canada": 2.08,
        "Central African Republic": 1.0,
        "Chile": 4.0,
        "China": 3.87,
        "Colombia": 3.69,
        "Costa Rica": 12.0,
        "Cote d'Ivoire": 1.71,
        "Croatia": 1.0,
        "Cuba": 3.54,
        "Czech Republic": 2.07,
        "C\u00f4te-d'Ivoire": 1.71,
        "Democratic Republic of the Congo": 2.83,
        "Denmark": 2.57,
        "Djibouti": 2.4,
        "Dominican Republic": 3.94,
        "Ecuador": 2.33,
        "Egypt": 2.14,
        "El Salvador": 4.08,
        "Ethiopia": 4.5,
        "Finland": 3.6,
        "France": 3.79,
        "French Guiana": 5.0,
        "Gabon": 8.0,
        "Georgia": 2.0,
        "Germany": 3.98,
        "Ghana": 2.57,
        "Greece": 4.0,
        "Guatemala": 3.6,
        "Guinea": 2.0,
        "Guinea-Bissau": 1.0,
        "Haiti": 3.67,
        "Honduras": 2.97,
        "Hong Kong": 5.0,
        "Hungary": 2.64,
        "India": 3.11,
        "Indonesia": 3.72,
        "Iran": 2.38,
        "Iraq": 3.08,
        "Ireland": 3.35,
        "Israel": 1.76,
        "Italy": 3.76,
        "Jamaica": 1.0,
        "Japan": 3.38,
        "Jordan": 1.67,
        "Kazakhstan": 2.44,
        "Kenya": 2.67,
        "Kyrgyzstan": 2.2,
        "Liberia": 4.0,
        "Libya": 1.33,
        "Lithuania": 4.17,
        "Madagascar": 2.55,
        "Malaysia": 3.57,
        "Mali": 1.67,
        "Martinique": 8.0,
        "Mauritania": 1.0,
        "Mexico": 3.86,
        "Moldova": 2.75,
        "Mongolia": 1.5,
        "Morocco": 2.1,
        "Mozambique": 1.6,
        "Myanmar (Burma)": 3.23,
        "Namibia": 4.0,
        "Nepal": 2.0,
        "Netherlands": 4.04,
        "New Zealand": 3.26,
        "Nicaragua": 3.84,
        "Niger": 2.0,
        "Nigeria": 2.55,
        "Norway": 3.58,
        "Pakistan": 4.13,
        "Panama": 3.46,
        "Peru": 3.33,
        "Philippines": 3.0,
        "Poland": 2.72,
        "Portugal": 3.67,
        "Qatar": 3.0,
        "Romania": 1.81,
        "Russia": 2.26,
        "Rwanda": 2.4,
        "Saudi Arabia": 2.71,
        "Senegal": 3.53,
        "Singapore": 3.43,
        "Slovakia": 2.0,
        "Somalia": 1.4,
        "South Africa": 2.74,
        "South Korea": 3.5,
        "Spain": 3.69,
        "Sudan": 1.2,
        "Sweden": 3.19,
        "Switzerland": 3.85,
        "Syria": 3.0,
        "Tanzania": 2.17,
        "Thailand": 3.62,
        "Togo": 2.29,
        "Tunisia": 1.75,
        "Turkey": 1.93,
        "Turkmenistan": 1.25,
        "Uganda": 1.5,
        "Ukraine": 2.15,
        "United Arab Emirates": 8.0,
        "United Kingdom": 3.72,
        "United States": 3.76,
        "Uzbekistan": 3.0,
        "Venezuela": 5.08,
        "Vietnam": 3.35,
        "Yemen": 3.17,
        "Zambia": 5.5,
        "Zimbabwe": 2.72
    },
    "country_sales": {
        "Afghanistan": 111.03,
        "Albania": 74.21,
        "Algeria": 60.62,
        "Angola": 59.11,
        "Argentina": 68.48,
        "Australia": 91.5,
        "Austria": 91.0,
        "Azerbaijan": 46.91,
        "Bangladesh": 123.16,
        "Barbados": 50.76,
        "Belarus": 63.97,
        "Belgium": 112.53,
        "Belize": 17.4,
        "Benin": 69.29,
        "Bolivia": 67.36,
        "Bosnia and Herzegovina": 142.27,
        "Botswana": 32.13,
        "Brazil": 62.06,
        "Bulgaria": 30.95,
        "Burkina Faso": 215.52,
        "Cameroon": 55.39,
        "Canada": 66.44,
        "Central African Republic": 23.46,
        "Chile": 66.96,
        "China": 118.23,
        "Colombia": 72.53,
        "Costa Rica": 365.52,
        "Cote d'Ivoire": 62.55,
        "Croatia": 24.26,
        "Cuba": 78.54,
        "Czech Republic": 59.32,
        "C\u00f4te-d'Ivoire": 62.55,
        "Democratic Republic of the Congo": 99.32,
        "Denmark": 36.04,
        "Djibouti": 73.86,
        "Dominican Republic": 67.07,
        "Ecuador": 32.42,
        "Egypt": 57.46,
        "El Salvador": 72.73,
        "Ethiopia": 191.73,
        "Finland": 122.89,
        "France": 118.13,
        "French Guiana": 92.3,
        "Gabon": 234.24,
        "Georgia": 36.85,
        "Germany": 119.15,
        "Ghana": 78.53,
        "Greece": 79.08,
        "Guatemala": 72.84,
        "Guinea": 33.21,
        "Guinea-Bissau": 17.88,
        "Haiti": 51.46,
        "Honduras": 36.64,
        "Hong Kong": 145.05,
        "Hungary": 60.65,
        "India": 103.66,
        "Indonesia": 88.31,
        "Iran": 65.4,
        "Iraq": 93.58,
        "Ireland": 55.15,
        "Israel": 46.3,
        "Italy": 121.81,
        "Jamaica": 31.06,
        "Japan": 91.13,
        "Jordan": 79.08,
        "Kazakhstan": 29.59,
        "Kenya": 92.4,
        "Kyrgyzstan": 105.65,
        "Liberia": 198.51,
        "Libya": 57.2,
        "Lithuania": 40.0,
        "Madagascar": 71.81,
        "Malaysia": 115.34,
        "Mali": 53.68,
        "Martinique": 141.54,
        "Mauritania": 13.2,
        "Mexico": 75.12,
        "Moldova": 81.39,
        "Mongolia": 34.55,
        "Morocco": 67.39,
        "Mozambique": 51.4,
        "Myanmar (Burma)": 87.84,
        "Namibia": 227.52,
        "Nepal": 30.96,
        "Netherlands": 68.14,
        "New Zealand": 89.95,
        "Nicaragua": 80.39,
        "Niger": 74.52,
        "Nigeria": 21.58,
        "Norway": 139.26,
        "Pakistan": 58.09,
        "Panama": 40.65,
        "Peru": 50.93,
        "Philippines": 53.6,
        "Poland": 81.73,
        "Portugal": 69.36,
        "Qatar": 73.5,
        "Romania": 61.13,
        "Russia": 71.96,
        "Rwanda": 110.06,
        "Saudi Arabia": 84.3,
        "Senegal": 101.32,
        "Singapore": 84.29,
        "Slovakia": 28.98,
        "Somalia": 37.58,
        "South Africa": 84.96,
        "South Korea": 78.1,
        "Spain": 113.42,
        "Sudan": 42.17,
        "Sweden": 50.07,
        "Switzerland": 134.19,
        "Syria": 95.46,
        "Tanzania": 51.22,
        "Thailand": 74.25,
        "Togo": 103.62,
        "Tunisia": 48.6,
        "Turkey": 22.94,
        "Turkmenistan": 13.25,
        "Uganda": 13.26,
        "Ukraine": 63.9,
        "United Arab Emirates": 77.26,
        "United Kingdom": 109.06,
        "United States": 34.18,
        "Uzbekistan": 66.69,
        "Venezuela": 67.52,
        "Vietnam": 93.87,
        "Yemen": 36.63,
        "Zambia": 148.52,
        "Zimbabwe": 27.09
    },
    "country_unit_price": {
        "Afghanistan": 23.37,
        "Albania": 24.74,
        "Algeria": 26.52,
        "Angola": 19.7,
        "Argentina": 14.81,
        "Australia": 24.84,
        "Austria": 30.76,
        "Azerbaijan": 28.15,
        "Bangladesh": 26.25,
        "Barbados": 16.92,
        "Belarus": 30.1,
        "Belgium": 34.49,
        "Belize": 17.4,
        "Benin": 47.97,
        "Bolivia": 33.68,
        "Bosnia and Herzegovina": 31.62,
        "Botswana": 32.13,
        "Brazil": 17.32,
        "Bulgaria": 27.08,
        "Burkina Faso": 26.94,
        "Cameroon": 24.23,
        "Canada": 31.93,
        "Central African Republic": 23.46,
        "Chile": 16.74,
        "China": 30.59,
        "Colombia": 19.66,
        "Costa Rica": 30.46,
        "Cote d'Ivoire": 36.48,
        "Croatia": 24.26,
        "Cuba": 22.19,
        "Czech Republic": 28.71,
        "C\u00f4te-d'Ivoire": 36.48,
        "Democratic Republic of the Congo": 35.05,
        "Denmark": 14.02,
        "Djibouti": 30.78,
        "Dominican Republic": 17.01,
        "Ecuador": 13.89,
        "Egypt": 26.79,
        "El Salvador": 17.81,
        "Ethiopia": 42.61,
        "Finland": 34.14,
        "France": 31.16,
        "French Guiana": 18.46,
        "Gabon": 29.28,
        "Georgia": 18.42,
        "Germany": 29.91,
        "Ghana": 30.54,
        "Greece": 19.77,
        "Guatemala": 20.23,
        "Guinea": 16.6,
        "Guinea-Bissau": 17.88,
        "Haiti": 14.03,
        "Honduras": 12.32,
        "Hong Kong": 29.01,
        "Hungary": 23.01,
        "India": 33.38,
        "Indonesia": 23.76,
        "Iran": 27.45,
        "Iraq": 30.39,
        "Ireland": 16.45,
        "Israel": 26.24,
        "Italy": 32.44,
        "Jamaica": 31.06,
        "Japan": 26.95,
        "Jordan": 47.45,
        "Kazakhstan": 12.14,
        "Kenya": 34.65,
        "Kyrgyzstan": 48.02,
        "Liberia": 49.63,
        "Libya": 42.9,
        "Lithuania": 9.6,
        "Madagascar": 28.21,
        "Malaysia": 32.3,
        "Mali": 32.21,
        "Martinique": 17.69,
        "Mauritania": 13.2,
        "Mexico": 19.47,
        "Moldova": 29.6,
        "Mongolia": 23.04,
        "Morocco": 32.11,
        "Mozambique": 32.13,
        "Myanmar (Burma)": 27.19,
        "Namibia": 56.88,
        "Nepal": 15.48,
        "Netherlands": 16.89,
        "New Zealand": 27.58,
        "Nicaragua": 20.93,
        "Niger": 37.26,
        "Nigeria": 8.47,
        "Norway": 38.86,
        "Pakistan": 14.05,
        "Panama": 11.73,
        "Peru": 15.28,
        "Philippines": 17.87,
        "Poland": 30.0,
        "Portugal": 18.92,
        "Qatar": 24.5,
        "Romania": 33.82,
        "Russia": 31.87,
        "Rwanda": 45.86,
        "Saudi Arabia": 31.14,
        "Senegal": 28.71,
        "Singapore": 24.58,
        "Slovakia": 14.49,
        "Somalia": 26.85,
        "South Africa": 31.03,
        "South Korea": 22.31,
        "Spain": 30.74,
        "Sudan": 35.15,
        "Sweden": 15.68,
        "Switzerland": 34.89,
        "Syria": 31.82,
        "Tanzania": 23.64,
        "Thailand": 20.48,
        "Togo": 45.33,
        "Tunisia": 27.77,
        "Turkey": 11.86,
        "Turkmenistan": 10.6,
        "Uganda": 8.84,
        "Ukraine": 29.78,
        "United Arab Emirates": 9.66,
        "United Kingdom": 29.35,
        "United States": 9.09,
        "Uzbekistan": 22.23,
        "Venezuela": 13.3,
        "Vietnam": 28.0,
        "Yemen": 11.57,
        "Zambia": 27.0,
        "Zimbabwe": 9.95
    },
    "country_profit": {
        "Afghanistan": 7.05,
        "Albania": 3.44,
        "Algeria": 6.67,
        "Angola": 6.43,
        "Argentina": -3.23,
        "Australia": 2.81,
        "Austria": 8.07,
        "Azerbaijan": 4.51,
        "Bangladesh": 6.78,
        "Barbados": 4.38,
        "Belarus": 9.67,
        "Belgium": 8.41,
        "Belize": 7.3,
        "Benin": 8.04,
        "Bolivia": 0.66,
        "Bosnia and Herzegovina": 4.09,
        "Botswana": 16.05,
        "Brazil": 1.74,
        "Bulgaria": 5.17,
        "Burkina Faso": 12.39,
        "Cameroon": 3.42,
        "Canada": 7.08,
        "Central African Republic": 7.95,
        "Chile": 3.16,
        "China": 7.93,
        "Colombia": 5.12,
        "Costa Rica": 11.86,
        "Cote d'Ivoire": 8.64,
        "Croatia": 3.58,
        "Cuba": 4.46,
        "Czech Republic": 5.4,
        "C\u00f4te-d'Ivoire": 8.64,
        "Democratic Republic of the Congo": 9.69,
        "Denmark": -7.58,
        "Djibouti": 9.83,
        "Dominican Republic": 1.52,
        "Ecuador": 3.66,
        "Egypt": 6.3,
        "El Salvador": 5.55,
        "Ethiopia": 19.49,
        "Finland": 10.16,
        "France": 6.96,
        "French Guiana": 1.46,
        "Gabon": 1.44,
        "Georgia": 7.36,
        "Germany": 6.92,
        "Ghana": 8.4,
        "Greece": 8.28,
        "Guatemala": 4.45,
        "Guinea": 6.68,
        "Guinea-Bissau": 6.06,
        "Haiti": -0.56,
        "Honduras": -3.16,
        "Hong Kong": 5.22,
        "Hungary": 6.09,
        "India": 8.11,
        "Indonesia": -1.63,
        "Iran": 6.77,
        "Iraq": 6.34,
        "Ireland": -8.51,
        "Israel": 6.1,
        "Italy": 7.65,
        "Jamaica": 15.52,
        "Japan": 6.91,
        "Jordan": 9.01,
        "Kazakhstan": -20.3,
        "Kenya": 9.79,
        "Kyrgyzstan": 11.96,
        "Liberia": 10.97,
        "Libya": 8.47,
        "Lithuania": -16.66,
        "Madagascar": 4.96,
        "Malaysia": 12.63,
        "Mali": 4.97,
        "Martinique": 7.57,
        "Mauritania": 0.24,
        "Mexico": 5.39,
        "Moldova": 7.43,
        "Mongolia": 5.34,
        "Morocco": 7.43,
        "Mozambique": 3.91,
        "Myanmar (Burma)": 0.69,
        "Namibia": 0.54,
        "Nepal": 2.16,
        "Netherlands": -7.09,
        "New Zealand": 3.56,
        "Nicaragua": 6.1,
        "Niger": 11.04,
        "Nigeria": -12.51,
        "Norway": 11.31,
        "Pakistan": -4.73,
        "Panama": -1.7,
        "Peru": -5.07,
        "Philippines": -6.85,
        "Poland": 7.09,
        "Portugal": -10.85,
        "Qatar": 10.45,
        "Romania": 9.1,
        "Russia": 8.81,
        "Rwanda": 18.14,
        "Saudi Arabia": 6.44,
        "Senegal": 8.64,
        "Singapore": 7.36,
        "Slovakia": 4.77,
        "Somalia": 5.01,
        "South Africa": 6.89,
        "South Korea": -4.66,
        "Spain": 7.0,
        "Sudan": 7.51,
        "Sweden": -6.37,
        "Switzerland": 10.05,
        "Syria": 4.88,
        "Tanzania": 4.35,
        "Thailand": -6.56,
        "Togo": 14.98,
        "Tunisia": 8.36,
        "Turkey": -11.0,
        "Turkmenistan": -20.67,
        "Uganda": -11.41,
        "Ukraine": 7.35,
        "United Arab Emirates": -10.32,
        "United Kingdom": 5.19,
        "United States": 2.19,
        "Uzbekistan": 8.06,
        "Venezuela": -1.8,
        "Vietnam": 2.31,
        "Yemen": -22.36,
        "Zambia": 6.69,
        "Zimbabwe": -15.51
    },
    "country_profit_margin": {
        "Afghanistan": 0.3,
        "Albania": 0.14,
        "Algeria": 0.25,
        "Angola": 0.33,
        "Argentina": -0.22,
        "Australia": 0.11,
        "Austria": 0.26,
        "Azerbaijan": 0.16,
        "Bangladesh": 0.26,
        "Barbados": 0.26,
        "Belarus": 0.32,
        "Belgium": 0.24,
        "Belize": 0.42,
        "Benin": 0.17,
        "Bolivia": 0.02,
        "Bosnia and Herzegovina": 0.13,
        "Botswana": 0.5,
        "Brazil": 0.1,
        "Bulgaria": 0.19,
        "Burkina Faso": 0.46,
        "Cameroon": 0.14,
        "Canada": 0.22,
        "Central African Republic": 0.34,
        "Chile": 0.19,
        "China": 0.26,
        "Colombia": 0.26,
        "Costa Rica": 0.39,
        "Cote d'Ivoire": 0.24,
        "Croatia": 0.15,
        "Cuba": 0.2,
        "Czech Republic": 0.19,
        "C\u00f4te-d'Ivoire": 0.24,
        "Democratic Republic of the Congo": 0.28,
        "Denmark": -0.54,
        "Djibouti": 0.32,
        "Dominican Republic": 0.09,
        "Ecuador": 0.26,
        "Egypt": 0.24,
        "El Salvador": 0.31,
        "Ethiopia": 0.46,
        "Finland": 0.3,
        "France": 0.22,
        "French Guiana": 0.08,
        "Gabon": 0.05,
        "Georgia": 0.4,
        "Germany": 0.23,
        "Ghana": 0.28,
        "Greece": 0.42,
        "Guatemala": 0.22,
        "Guinea": 0.4,
        "Guinea-Bissau": 0.34,
        "Haiti": -0.04,
        "Honduras": -0.26,
        "Hong Kong": 0.18,
        "Hungary": 0.26,
        "India": 0.24,
        "Indonesia": -0.07,
        "Iran": 0.25,
        "Iraq": 0.21,
        "Ireland": -0.52,
        "Israel": 0.23,
        "Italy": 0.24,
        "Jamaica": 0.5,
        "Japan": 0.26,
        "Jordan": 0.19,
        "Kazakhstan": -1.67,
        "Kenya": 0.28,
        "Kyrgyzstan": 0.25,
        "Liberia": 0.22,
        "Libya": 0.2,
        "Lithuania": -1.74,
        "Madagascar": 0.18,
        "Malaysia": 0.39,
        "Mali": 0.15,
        "Martinique": 0.43,
        "Mauritania": 0.02,
        "Mexico": 0.28,
        "Moldova": 0.25,
        "Mongolia": 0.23,
        "Morocco": 0.23,
        "Mozambique": 0.12,
        "Myanmar (Burma)": 0.03,
        "Namibia": 0.01,
        "Nepal": 0.14,
        "Netherlands": -0.42,
        "New Zealand": 0.13,
        "Nicaragua": 0.29,
        "Niger": 0.3,
        "Nigeria": -1.48,
        "Norway": 0.29,
        "Pakistan": -0.34,
        "Panama": -0.14,
        "Peru": -0.33,
        "Philippines": -0.38,
        "Poland": 0.24,
        "Portugal": -0.57,
        "Qatar": 0.43,
        "Romania": 0.27,
        "Russia": 0.28,
        "Rwanda": 0.4,
        "Saudi Arabia": 0.21,
        "Senegal": 0.3,
        "Singapore": 0.3,
        "Slovakia": 0.33,
        "Somalia": 0.19,
        "South Africa": 0.22,
        "South Korea": -0.21,
        "Spain": 0.23,
        "Sudan": 0.21,
        "Sweden": -0.41,
        "Switzerland": 0.29,
        "Syria": 0.15,
        "Tanzania": 0.18,
        "Thailand": -0.32,
        "Togo": 0.33,
        "Tunisia": 0.3,
        "Turkey": -0.93,
        "Turkmenistan": -1.95,
        "Uganda": -1.29,
        "Ukraine": 0.25,
        "United Arab Emirates": -1.07,
        "United Kingdom": 0.18,
        "United States": 0.24,
        "Uzbekistan": 0.36,
        "Venezuela": -0.14,
        "Vietnam": 0.08,
        "Yemen": -1.93,
        "Zambia": 0.25,
        "Zimbabwe": -1.56
    },
    "top_10_states": {
        "England": [
            414,
            0.04
        ],
        "California": [
            325,
            0.03
        ],
        "Ile-de-France": [
            290,
            0.03
        ],
        "North Rhine-Westphalia": [
            204,
            0.02
        ],
        "New York": [
            178,
            0.02
        ],
        "Texas": [
            141,
            0.01
        ],
        "Istanbul": [
            128,
            0.01
        ],
        "Queensland": [
            106,
            0.01
        ],
        "Provence-Alpes-C\u00f4te d'Azur": [
            92,
            0.01
        ],
        "New South Wales": [
            90,
            0.01
        ]
    },
    "top_10_states_values": [
        414,
        325,
        290,
        204,
        178,
        141,
        128,
        106,
        92,
        90
    ],
    "top_10_cities": {
        "New York City": [
            139,
            0.01
        ],
        "Los Angeles": [
            129,
            0.01
        ],
        "Istanbul": [
            104,
            0.01
        ],
        "London": [
            96,
            0.01
        ],
        "San Francisco": [
            95,
            0.01
        ],
        "Lagos": [
            84,
            0.01
        ],
        "Cairo": [
            74,
            0.01
        ],
        "Philadelphia": [
            70,
            0.01
        ],
        "Berlin": [
            64,
            0.01
        ],
        "Manila": [
            64,
            0.01
        ]
    },
    "top_10_cities_values": [
        139,
        129,
        104,
        96,
        95,
        84,
        74,
        70,
        64,
        64
    ],
    "yearly_sales": {
        "2011": 64138.9322,
        "2012": 82358.3492,
        "2013": 98007.0331,
        "2014": 191650.4156,
        "2015": 82312.8692,
        "2016": 97976.0571,
        "2017": 127261.4634
    },
    "monthly_trend": {
        "April": {
            "2011": 5223.938,
            "2012": 4396.796,
            "2013": 4572.4949,
            "2014": 12197.1679,
            "2015": 4374.056,
            "2016": 4572.4949,
            "2017": 7176.1199
        },
        "August": {
            "2011": 6409.2131,
            "2012": 9294.547199999999,
            "2013": 12818.215900000001,
            "2014": 20500.5273,
            "2015": 9294.5472,
            "2016": 12818.215900000001,
            "2017": 14016.0302
        },
        "December": {
            "2011": 9568.2867,
            "2012": 12379.9339,
            "2013": 9882.4761,
            "2014": 23716.6138,
            "2015": 12378.1539,
            "2016": 9882.4761,
            "2017": 14297.6771
        },
        "February": {
            "2011": 2454.3244,
            "2012": 3094.2758,
            "2013": 4613.1405,
            "2014": 8858.8358,
            "2015": 3094.2758,
            "2016": 4613.1404999999995,
            "2017": 5867.6194
        },
        "January": {
            "2011": 4752.8035,
            "2012": 3772.9231,
            "2013": 5570.6247,
            "2014": 12604.7027,
            "2015": 3772.9231,
            "2016": 5570.6247,
            "2017": 7827.6992
        },
        "July": {
            "2011": 3161.6942,
            "2012": 4630.6835,
            "2013": 6766.572700000001,
            "2014": 11335.4513,
            "2015": 4630.6835,
            "2016": 6766.5727,
            "2017": 8152.9811
        },
        "June": {
            "2011": 6227.931,
            "2012": 7766.767,
            "2013": 11681.9279,
            "2014": 19632.0973,
            "2015": 7745.807,
            "2016": 11681.9279,
            "2017": 13646.0583
        },
        "March": {
            "2011": 2772.971,
            "2012": 4284.048,
            "2013": 4318.6008,
            "2014": 10624.4411,
            "2015": 4284.048,
            "2016": 4318.6008,
            "2017": 8216.5401
        },
        "May": {
            "2011": 4947.815,
            "2012": 6336.4612,
            "2013": 8579.1789,
            "2014": 13006.1659,
            "2015": 6336.4612,
            "2016": 8579.1789,
            "2017": 7611.1709
        },
        "November": {
            "2011": 5103.1965,
            "2012": 10824.2654,
            "2013": 9900.8729,
            "2014": 20290.5595,
            "2015": 10824.2654,
            "2016": 9900.8729,
            "2017": 15856.501
        },
        "October": {
            "2011": 5103.2338,
            "2012": 6891.3917,
            "2013": 5984.0112,
            "2014": 15018.0216,
            "2015": 6891.3917,
            "2016": 5953.0352,
            "2017": 9014.559799999999
        },
        "September": {
            "2011": 8413.525,
            "2012": 8686.2564,
            "2013": 13318.9166,
            "2014": 23865.8314,
            "2015": 8686.2564,
            "2016": 13318.9166,
            "2017": 15578.5064
        }
    },
    "shipping_delay_stats": {
        "mean": 4.0,
        "median": 4.0,
        "max": 8
    },
    "top_10_products_by_sales": {
        "Boston Canvas, Fluorescent": 15597.822,
        "Binney & Smith Sketch Pad, Blue": 13479.7376,
        "BIC Canvas, Fluorescent": 13068.3888,
        "BIC Canvas, Blue": 12344.914,
        "Boston Sketch Pad, Blue": 12074.832,
        "Sanford Pencil Sharpener, Water Color": 11163.9482,
        "Stanley Pencil Sharpener, Water Color": 11074.458,
        "Boston Canvas, Water Color": 10759.056400000001,
        "Binney & Smith Canvas, Blue": 10715.750399999999,
        "Sanford Canvas, Fluorescent": 10599.7112
    },
    "top_10_products_by_profit": {
        "Boston Sketch Pad, Blue": 4272.272,
        "Sanford Pencil Sharpener, Easy-Erase": 3675.79,
        "BIC Canvas, Fluorescent": 3598.7688,
        "Sanford Sketch Pad, Fluorescent": 3131.928,
        "Binney & Smith Canvas, Water Color": 3068.4420000000005,
        "Sanford Sketch Pad, Water Color": 3038.2212,
        "Stanley Canvas, Water Color": 2969.089,
        "Sanford Sketch Pad, Easy-Erase": 2743.675,
        "Stanley Canvas, Fluorescent": 2651.6156,
        "Sanford Canvas, Fluorescent": 2599.3712
    },
    "top_10_products_by_turnover": {
        "Sanford Pencil Sharpener, Water Color": 518,
        "Stanley Pencil Sharpener, Water Color": 484,
        "Boston Pencil Sharpener, Water Color": 434,
        "Binney & Smith Pencil Sharpener, Water Color": 414,
        "Sanford Pencil Sharpener, Easy-Erase": 386,
        "Binney & Smith Sketch Pad, Blue": 370,
        "Sanford Markers, Water Color": 358,
        "Stanley Markers, Water Color": 344,
        "Boston Canvas, Fluorescent": 338,
        "Binney & Smith Pens, Water Color": 302
    },
    "top_5_loss_products": {
        "Binney & Smith Sketch Pad, Fluorescent": -2380.722,
        "Boston Sketch Pad, Water Color": -1838.2128,
        "Binney & Smith Sketch Pad, Blue": -1500.0384,
        "Boston Canvas, Fluorescent": -1364.46,
        "Binney & Smith Canvas, Blue": -1220.9135999999999
    },
    "product_performance": [
        {
            "Product Name": "Boston Canvas, Fluorescent",
            "total_sales": 15597.822,
            "total_quantity": 338,
            "average_price": 159.16144897959182,
            "total_profit": 1824.902,
            "profit_margin": 0.11699723204944895
        },
        {
            "Product Name": "Binney & Smith Sketch Pad, Blue",
            "total_sales": 13479.7376,
            "total_quantity": 370,
            "average_price": 129.61286153846154,
            "total_profit": 1236.9176,
            "profit_margin": 0.09176125208846796
        },
        {
            "Product Name": "BIC Canvas, Fluorescent",
            "total_sales": 13068.3888,
            "total_quantity": 274,
            "average_price": 181.5054,
            "total_profit": 3598.7688,
            "profit_margin": 0.2753796856732637
        },
        {
            "Product Name": "BIC Canvas, Blue",
            "total_sales": 12344.914,
            "total_quantity": 260,
            "average_price": 187.04415151515153,
            "total_profit": -465.786,
            "profit_margin": -0.037731004039396304
        },
        {
            "Product Name": "Boston Sketch Pad, Blue",
            "total_sales": 12074.832,
            "total_quantity": 286,
            "average_price": 143.748,
            "total_profit": 4272.272,
            "profit_margin": 0.35381626841681935
        },
        {
            "Product Name": "Sanford Pencil Sharpener, Water Color",
            "total_sales": 11163.9482,
            "total_quantity": 518,
            "average_price": 69.77467625,
            "total_profit": 1203.8882,
            "profit_margin": 0.10783713596951301
        },
        {
            "Product Name": "Stanley Pencil Sharpener, Water Color",
            "total_sales": 11074.458,
            "total_quantity": 484,
            "average_price": 73.82972000000001,
            "total_profit": 251.078,
            "profit_margin": 0.022671809311119333
        },
        {
            "Product Name": "Boston Canvas, Water Color",
            "total_sales": 10759.056400000001,
            "total_quantity": 232,
            "average_price": 153.70080571428574,
            "total_profit": 619.7363999999999,
            "profit_margin": 0.057601371064473626
        },
        {
            "Product Name": "Binney & Smith Canvas, Blue",
            "total_sales": 10715.750399999999,
            "total_quantity": 264,
            "average_price": 157.58456470588234,
            "total_profit": 391.61040000000014,
            "profit_margin": 0.03654530811020012
        },
        {
            "Product Name": "Sanford Canvas, Fluorescent",
            "total_sales": 10599.7112,
            "total_quantity": 238,
            "average_price": 139.46988421052632,
            "total_profit": 2599.3712,
            "profit_margin": 0.24523037948430143
        },
        {
            "Product Name": "Sanford Canvas, Blue",
            "total_sales": 10599.096,
            "total_quantity": 256,
            "average_price": 112.75634042553192,
            "total_profit": 1411.536,
            "profit_margin": 0.1331751311621293
        },
        {
            "Product Name": "BIC Sketch Pad, Water Color",
            "total_sales": 10542.528,
            "total_quantity": 236,
            "average_price": 150.60754285714287,
            "total_profit": 1469.508,
            "profit_margin": 0.1393885792857273
        },
        {
            "Product Name": "Stanley Sketch Pad, Fluorescent",
            "total_sales": 10352.4402,
            "total_quantity": 268,
            "average_price": 132.7235923076923,
            "total_profit": 2216.7401999999997,
            "profit_margin": 0.2141273127083603
        },
        {
            "Product Name": "Stanley Canvas, Blue",
            "total_sales": 10338.5704,
            "total_quantity": 242,
            "average_price": 156.64500606060608,
            "total_profit": 792.0904,
            "profit_margin": 0.07661508016620944
        },
        {
            "Product Name": "Sanford Canvas, Easy-Erase",
            "total_sales": 10284.2978,
            "total_quantity": 246,
            "average_price": 138.9769972972973,
            "total_profit": 707.1578000000001,
            "profit_margin": 0.06876092211176538
        },
        {
            "Product Name": "Binney & Smith Canvas, Fluorescent",
            "total_sales": 10204.772,
            "total_quantity": 244,
            "average_price": 150.07017647058825,
            "total_profit": 1215.2920000000001,
            "profit_margin": 0.11909055880915322
        },
        {
            "Product Name": "Boston Pencil Sharpener, Water Color",
            "total_sales": 10186.704,
            "total_quantity": 434,
            "average_price": 86.328,
            "total_profit": 1945.5639999999999,
            "profit_margin": 0.19099053040119748
        },
        {
            "Product Name": "Sanford Sketch Pad, Fluorescent",
            "total_sales": 10105.188,
            "total_quantity": 272,
            "average_price": 144.35982857142858,
            "total_profit": 3131.928,
            "profit_margin": 0.3099326801243084
        },
        {
            "Product Name": "Binney & Smith Sketch Pad, Water Color",
            "total_sales": 9961.05,
            "total_quantity": 224,
            "average_price": 150.92499999999998,
            "total_profit": 2238.25,
            "profit_margin": 0.2247002073074626
        },
        {
            "Product Name": "Boston Sketch Pad, Fluorescent",
            "total_sales": 9692.4516,
            "total_quantity": 220,
            "average_price": 151.44455625,
            "total_profit": 294.93160000000006,
            "profit_margin": 0.030428998995465712
        }
    ],
    "most_ordered_products_by_date": [
        {
            "Year_Month": "2011-01",
            "Product Name": "Binney & Smith Sketch Pad, Blue",
            "total_sales": 115.8,
            "total_quantity": 5
        },
        {
            "Year_Month": "2011-01",
            "Product Name": "Boston Canvas, Fluorescent",
            "total_sales": 54.900000000000006,
            "total_quantity": 1
        },
        {
            "Year_Month": "2011-02",
            "Product Name": "Binney & Smith Sketch Pad, Blue",
            "total_sales": 92.64,
            "total_quantity": 2
        },
        {
            "Year_Month": "2011-04",
            "Product Name": "BIC Canvas, Blue",
            "total_sales": 179.0,
            "total_quantity": 5
        },
        {
            "Year_Month": "2011-04",
            "Product Name": "Boston Canvas, Fluorescent",
            "total_sales": 384.30000000000007,
            "total_quantity": 7
        },
        {
            "Year_Month": "2011-05",
            "Product Name": "Binney & Smith Sketch Pad, Blue",
            "total_sales": 648.48,
            "total_quantity": 14
        },
        {
            "Year_Month": "2011-05",
            "Product Name": "Boston Canvas, Fluorescent",
            "total_sales": 54.900000000000006,
            "total_quantity": 1
        },
        {
            "Year_Month": "2011-05",
            "Product Name": "Boston Sketch Pad, Blue",
            "total_sales": 58.32,
            "total_quantity": 4
        },
        {
            "Year_Month": "2011-06",
            "Product Name": "BIC Canvas, Fluorescent",
            "total_sales": 54.96,
            "total_quantity": 1
        },
        {
            "Year_Month": "2011-06",
            "Product Name": "Binney & Smith Sketch Pad, Blue",
            "total_sales": 185.28,
            "total_quantity": 4
        },
        {
            "Year_Month": "2011-06",
            "Product Name": "Boston Canvas, Fluorescent",
            "total_sales": 329.4,
            "total_quantity": 6
        },
        {
            "Year_Month": "2011-07",
            "Product Name": "Binney & Smith Sketch Pad, Blue",
            "total_sales": 92.64,
            "total_quantity": 3
        },
        {
            "Year_Month": "2011-08",
            "Product Name": "Binney & Smith Sketch Pad, Blue",
            "total_sales": 194.544,
            "total_quantity": 7
        },
        {
            "Year_Month": "2011-08",
            "Product Name": "Boston Canvas, Fluorescent",
            "total_sales": 658.8000000000002,
            "total_quantity": 12
        },
        {
            "Year_Month": "2011-08",
            "Product Name": "Boston Sketch Pad, Blue",
            "total_sales": 194.4,
            "total_quantity": 4
        },
        {
            "Year_Month": "2011-09",
            "Product Name": "BIC Canvas, Blue",
            "total_sales": 144.99,
            "total_quantity": 3
        },
        {
            "Year_Month": "2011-09",
            "Product Name": "BIC Canvas, Fluorescent",
            "total_sales": 445.176,
            "total_quantity": 9
        },
        {
            "Year_Month": "2011-09",
            "Product Name": "Boston Canvas, Fluorescent",
            "total_sales": 274.5,
            "total_quantity": 5
        },
        {
            "Year_Month": "2011-10",
            "Product Name": "Binney & Smith Sketch Pad, Blue",
            "total_sales": 92.64,
            "total_quantity": 2
        },
        {
            "Year_Month": "2011-10",
            "Product Name": "Boston Canvas, Fluorescent",
            "total_sales": 183.0,
            "total_quantity": 5
        },
        {
            "Year_Month": "2011-10",
            "Product Name": "Boston Sketch Pad, Blue",
            "total_sales": 437.4,
            "total_quantity": 9
        },
        {
            "Year_Month": "2011-11",
            "Product Name": "BIC Canvas, Fluorescent",
            "total_sales": 164.88,
            "total_quantity": 3
        },
        {
            "Year_Month": "2011-11",
            "Product Name": "Binney & Smith Sketch Pad, Blue",
            "total_sales": 46.32,
            "total_quantity": 1
        },
        {
            "Year_Month": "2011-11",
            "Product Name": "Boston Canvas, Fluorescent",
            "total_sales": 82.35000000000001,
            "total_quantity": 3
        },
        {
            "Year_Month": "2011-11",
            "Product Name": "Boston Sketch Pad, Blue",
            "total_sales": 97.2,
            "total_quantity": 2
        },
        {
            "Year_Month": "2011-12",
            "Product Name": "Boston Canvas, Fluorescent",
            "total_sales": 109.8,
            "total_quantity": 2
        },
        {
            "Year_Month": "2011-12",
            "Product Name": "Boston Sketch Pad, Blue",
            "total_sales": 121.5,
            "total_quantity": 5
        },
        {
            "Year_Month": "2012-01",
            "Product Name": "BIC Canvas, Blue",
            "total_sales": 53.7,
            "total_quantity": 1
        },
        {
            "Year_Month": "2012-02",
            "Product Name": "BIC Canvas, Fluorescent",
            "total_sales": 219.84,
            "total_quantity": 4
        },
        {
            "Year_Month": "2012-02",
            "Product Name": "Binney & Smith Sketch Pad, Blue",
            "total_sales": 199.17600000000002,
            "total_quantity": 5
        },
        {
            "Year_Month": "2012-02",
            "Product Name": "Boston Canvas, Fluorescent",
            "total_sales": 73.2,
            "total_quantity": 2
        },
        {
            "Year_Month": "2012-03",
            "Product Name": "BIC Canvas, Fluorescent",
            "total_sales": 109.92,
            "total_quantity": 2
        },
        {
            "Year_Month": "2012-04",
            "Product Name": "Boston Canvas, Fluorescent",
            "total_sales": 109.8,
            "total_quantity": 2
        },
        {
            "Year_Month": "2012-04",
            "Product Name": "Boston Sketch Pad, Blue",
            "total_sales": 97.2,
            "total_quantity": 2
        },
        {
            "Year_Month": "2012-05",
            "Product Name": "Binney & Smith Sketch Pad, Blue",
            "total_sales": 370.56,
            "total_quantity": 8
        },
        {
            "Year_Month": "2012-05",
            "Product Name": "Boston Canvas, Fluorescent",
            "total_sales": 65.88000000000001,
            "total_quantity": 4
        },
        {
            "Year_Month": "2012-06",
            "Product Name": "BIC Canvas, Blue",
            "total_sales": 289.98,
            "total_quantity": 6
        },
        {
            "Year_Month": "2012-06",
            "Product Name": "Binney & Smith Sketch Pad, Blue",
            "total_sales": 64.848,
            "total_quantity": 2
        },
        {
            "Year_Month": "2012-06",
            "Product Name": "Boston Canvas, Fluorescent",
            "total_sales": 153.72,
            "total_quantity": 4
        },
        {
            "Year_Month": "2012-06",
            "Product Name": "Boston Sketch Pad, Blue",
            "total_sales": 64.8,
            "total_quantity": 2
        },
        {
            "Year_Month": "2012-07",
            "Product Name": "BIC Canvas, Blue",
            "total_sales": 53.7,
            "total_quantity": 1
        },
        {
            "Year_Month": "2012-07",
            "Product Name": "Boston Sketch Pad, Blue",
            "total_sales": 534.6,
            "total_quantity": 11
        },
        {
            "Year_Month": "2012-08",
            "Product Name": "BIC Canvas, Blue",
            "total_sales": 338.31,
            "total_quantity": 7
        },
        {
            "Year_Month": "2012-08",
            "Product Name": "BIC Canvas, Fluorescent",
            "total_sales": 109.92,
            "total_quantity": 2
        },
        {
            "Year_Month": "2012-08",
            "Product Name": "Binney & Smith Sketch Pad, Blue",
            "total_sales": 277.92,
            "total_quantity": 6
        },
        {
            "Year_Month": "2012-08",
            "Product Name": "Boston Canvas, Fluorescent",
            "total_sales": 202.58100000000002,
            "total_quantity": 7
        },
        {
            "Year_Month": "2012-08",
            "Product Name": "Boston Sketch Pad, Blue",
            "total_sales": 388.8,
            "total_quantity": 8
        },
        {
            "Year_Month": "2012-09",
            "Product Name": "BIC Canvas, Blue",
            "total_sales": 537.0,
            "total_quantity": 10
        },
        {
            "Year_Month": "2012-09",
            "Product Name": "BIC Canvas, Fluorescent",
            "total_sales": 115.41600000000001,
            "total_quantity": 4
        },
        {
            "Year_Month": "2012-09",
            "Product Name": "Boston Canvas, Fluorescent",
            "total_sales": 164.70000000000002,
            "total_quantity": 3
        },
        {
            "Year_Month": "2012-09",
            "Product Name": "Boston Sketch Pad, Blue",
            "total_sales": 145.79999999999998,
            "total_quantity": 3
        },
        {
            "Year_Month": "2012-10",
            "Product Name": "BIC Canvas, Fluorescent",
            "total_sales": 203.352,
            "total_quantity": 4
        },
        {
            "Year_Month": "2012-10",
            "Product Name": "Binney & Smith Sketch Pad, Blue",
            "total_sales": 55.584,
            "total_quantity": 3
        },
        {
            "Year_Month": "2012-10",
            "Product Name": "Boston Canvas, Fluorescent",
            "total_sales": 494.10000000000014,
            "total_quantity": 9
        },
        {
            "Year_Month": "2012-11",
            "Product Name": "BIC Canvas, Blue",
            "total_sales": 429.59999999999997,
            "total_quantity": 8
        },
        {
            "Year_Month": "2012-11",
            "Product Name": "Binney & Smith Sketch Pad, Blue",
            "total_sales": 185.28,
            "total_quantity": 4
        },
        {
            "Year_Month": "2012-11",
            "Product Name": "Boston Canvas, Fluorescent",
            "total_sales": 764.94,
            "total_quantity": 17
        },
        {
            "Year_Month": "2012-11",
            "Product Name": "Boston Sketch Pad, Blue",
            "total_sales": 97.2,
            "total_quantity": 2
        },
        {
            "Year_Month": "2012-12",
            "Product Name": "BIC Canvas, Blue",
            "total_sales": 375.9,
            "total_quantity": 7
        },
        {
            "Year_Month": "2012-12",
            "Product Name": "Binney & Smith Sketch Pad, Blue",
            "total_sales": 416.88,
            "total_quantity": 15
        },
        {
            "Year_Month": "2012-12",
            "Product Name": "Boston Canvas, Fluorescent",
            "total_sales": 65.88,
            "total_quantity": 2
        },
        {
            "Year_Month": "2013-01",
            "Product Name": "BIC Canvas, Fluorescent",
            "total_sales": 164.88,
            "total_quantity": 3
        },
        {
            "Year_Month": "2013-01",
            "Product Name": "Boston Sketch Pad, Blue",
            "total_sales": 97.2,
            "total_quantity": 2
        },
        {
            "Year_Month": "2013-02",
            "Product Name": "BIC Canvas, Blue",
            "total_sales": 322.2,
            "total_quantity": 6
        },
        {
            "Year_Month": "2013-02",
            "Product Name": "BIC Canvas, Fluorescent",
            "total_sales": 659.52,
            "total_quantity": 12
        },
        {
            "Year_Month": "2013-02",
            "Product Name": "Binney & Smith Sketch Pad, Blue",
            "total_sales": 18.528,
            "total_quantity": 1
        },
        {
            "Year_Month": "2013-03",
            "Product Name": "BIC Canvas, Blue",
            "total_sales": 64.44,
            "total_quantity": 4
        },
        {
            "Year_Month": "2013-03",
            "Product Name": "Binney & Smith Sketch Pad, Blue",
            "total_sales": 254.76,
            "total_quantity": 10
        },
        {
            "Year_Month": "2013-04",
            "Product Name": "BIC Canvas, Blue",
            "total_sales": 107.4,
            "total_quantity": 2
        },
        {
            "Year_Month": "2013-05",
            "Product Name": "BIC Canvas, Blue",
            "total_sales": 268.5,
            "total_quantity": 5
        },
        {
            "Year_Month": "2013-05",
            "Product Name": "Binney & Smith Sketch Pad, Blue",
            "total_sales": 138.96,
            "total_quantity": 6
        },
        {
            "Year_Month": "2013-05",
            "Product Name": "Boston Canvas, Fluorescent",
            "total_sales": 164.70000000000002,
            "total_quantity": 3
        },
        {
            "Year_Month": "2013-05",
            "Product Name": "Boston Sketch Pad, Blue",
            "total_sales": 243.0,
            "total_quantity": 5
        },
        {
            "Year_Month": "2013-06",
            "Product Name": "BIC Canvas, Fluorescent",
            "total_sales": 137.4,
            "total_quantity": 5
        },
        {
            "Year_Month": "2013-06",
            "Product Name": "Binney & Smith Sketch Pad, Blue",
            "total_sales": 185.28,
            "total_quantity": 4
        },
        {
            "Year_Month": "2013-06",
            "Product Name": "Boston Canvas, Fluorescent",
            "total_sales": 494.1,
            "total_quantity": 9
        },
        {
            "Year_Month": "2013-06",
            "Product Name": "Boston Sketch Pad, Blue",
            "total_sales": 213.84,
            "total_quantity": 5
        },
        {
            "Year_Month": "2013-07",
            "Product Name": "BIC Canvas, Blue",
            "total_sales": 289.98,
            "total_quantity": 6
        },
        {
            "Year_Month": "2013-07",
            "Product Name": "BIC Canvas, Fluorescent",
            "total_sales": 274.8,
            "total_quantity": 5
        },
        {
            "Year_Month": "2013-07",
            "Product Name": "Boston Sketch Pad, Blue",
            "total_sales": 486.0,
            "total_quantity": 10
        },
        {
            "Year_Month": "2013-08",
            "Product Name": "BIC Canvas, Blue",
            "total_sales": 53.7,
            "total_quantity": 1
        },
        {
            "Year_Month": "2013-08",
            "Product Name": "BIC Canvas, Fluorescent",
            "total_sales": 164.88,
            "total_quantity": 3
        },
        {
            "Year_Month": "2013-08",
            "Product Name": "Binney & Smith Sketch Pad, Blue",
            "total_sales": 787.44,
            "total_quantity": 17
        },
        {
            "Year_Month": "2013-08",
            "Product Name": "Boston Canvas, Fluorescent",
            "total_sales": 219.6,
            "total_quantity": 8
        },
        {
            "Year_Month": "2013-09",
            "Product Name": "BIC Canvas, Blue",
            "total_sales": 375.9,
            "total_quantity": 7
        },
        {
            "Year_Month": "2013-09",
            "Product Name": "BIC Canvas, Fluorescent",
            "total_sales": 109.92,
            "total_quantity": 2
        },
        {
            "Year_Month": "2013-09",
            "Product Name": "Binney & Smith Sketch Pad, Blue",
            "total_sales": 416.88,
            "total_quantity": 9
        },
        {
            "Year_Month": "2013-09",
            "Product Name": "Boston Canvas, Fluorescent",
            "total_sales": 1043.1000000000001,
            "total_quantity": 21
        },
        {
            "Year_Month": "2013-09",
            "Product Name": "Boston Sketch Pad, Blue",
            "total_sales": 126.36,
            "total_quantity": 4
        },
        {
            "Year_Month": "2013-10",
            "Product Name": "BIC Canvas, Fluorescent",
            "total_sales": 164.88,
            "total_quantity": 3
        },
        {
            "Year_Month": "2013-11",
            "Product Name": "BIC Canvas, Fluorescent",
            "total_sales": 274.8,
            "total_quantity": 5
        },
        {
            "Year_Month": "2013-11",
            "Product Name": "Binney & Smith Sketch Pad, Blue",
            "total_sales": 137.416,
            "total_quantity": 5
        },
        {
            "Year_Month": "2013-11",
            "Product Name": "Boston Canvas, Fluorescent",
            "total_sales": 362.34000000000003,
            "total_quantity": 9
        },
        {
            "Year_Month": "2013-11",
            "Product Name": "Boston Sketch Pad, Blue",
            "total_sales": 534.6,
            "total_quantity": 11
        },
        {
            "Year_Month": "2013-12",
            "Product Name": "BIC Canvas, Fluorescent",
            "total_sales": 329.76,
            "total_quantity": 6
        },
        {
            "Year_Month": "2013-12",
            "Product Name": "Boston Canvas, Fluorescent",
            "total_sales": 109.8,
            "total_quantity": 2
        },
        {
            "Year_Month": "2013-12",
            "Product Name": "Boston Sketch Pad, Blue",
            "total_sales": 97.2,
            "total_quantity": 2
        },
        {
            "Year_Month": "2014-01",
            "Product Name": "BIC Canvas, Fluorescent",
            "total_sales": 109.92,
            "total_quantity": 2
        },
        {
            "Year_Month": "2014-01",
            "Product Name": "Binney & Smith Sketch Pad, Blue",
            "total_sales": 208.44,
            "total_quantity": 7
        },
        {
            "Year_Month": "2014-01",
            "Product Name": "Boston Canvas, Fluorescent",
            "total_sales": 54.9,
            "total_quantity": 1
        },
        {
            "Year_Month": "2014-01",
            "Product Name": "Boston Sketch Pad, Blue",
            "total_sales": 184.68,
            "total_quantity": 4
        },
        {
            "Year_Month": "2014-02",
            "Product Name": "Binney & Smith Sketch Pad, Blue",
            "total_sales": 92.64,
            "total_quantity": 2
        },
        {
            "Year_Month": "2014-03",
            "Product Name": "BIC Canvas, Blue",
            "total_sales": 386.64,
            "total_quantity": 12
        },
        {
            "Year_Month": "2014-03",
            "Product Name": "BIC Canvas, Fluorescent",
            "total_sales": 120.3624,
            "total_quantity": 3
        },
        {
            "Year_Month": "2014-03",
            "Product Name": "Binney & Smith Sketch Pad, Blue",
            "total_sales": 185.28,
            "total_quantity": 4
        },
        {
            "Year_Month": "2014-04",
            "Product Name": "BIC Canvas, Blue",
            "total_sales": 179.0,
            "total_quantity": 5
        },
        {
            "Year_Month": "2014-04",
            "Product Name": "BIC Canvas, Fluorescent",
            "total_sales": 109.92,
            "total_quantity": 2
        },
        {
            "Year_Month": "2014-04",
            "Product Name": "Binney & Smith Sketch Pad, Blue",
            "total_sales": 203.3448,
            "total_quantity": 8
        },
        {
            "Year_Month": "2014-04",
            "Product Name": "Boston Canvas, Fluorescent",
            "total_sales": 384.3,
            "total_quantity": 7
        },
        {
            "Year_Month": "2014-04",
            "Product Name": "Boston Sketch Pad, Blue",
            "total_sales": 136.07999999999998,
            "total_quantity": 7
        },
        {
            "Year_Month": "2014-05",
            "Product Name": "Binney & Smith Sketch Pad, Blue",
            "total_sales": 741.12,
            "total_quantity": 16
        },
        {
            "Year_Month": "2014-05",
            "Product Name": "Boston Canvas, Fluorescent",
            "total_sales": 54.9,
            "total_quantity": 1
        },
        {
            "Year_Month": "2014-05",
            "Product Name": "Boston Sketch Pad, Blue",
            "total_sales": 58.32,
            "total_quantity": 4
        },
        {
            "Year_Month": "2014-06",
            "Product Name": "BIC Canvas, Blue",
            "total_sales": 317.3669999999999,
            "total_quantity": 9
        },
        {
            "Year_Month": "2014-06",
            "Product Name": "BIC Canvas, Fluorescent",
            "total_sales": 351.744,
            "total_quantity": 7
        },
        {
            "Year_Month": "2014-06",
            "Product Name": "Binney & Smith Sketch Pad, Blue",
            "total_sales": 324.24,
            "total_quantity": 7
        },
        {
            "Year_Month": "2014-06",
            "Product Name": "Boston Canvas, Fluorescent",
            "total_sales": 387.96,
            "total_quantity": 8
        },
        {
            "Year_Month": "2014-06",
            "Product Name": "Boston Sketch Pad, Blue",
            "total_sales": 278.64,
            "total_quantity": 7
        },
        {
            "Year_Month": "2014-07",
            "Product Name": "BIC Canvas, Blue",
            "total_sales": 107.4,
            "total_quantity": 2
        },
        {
            "Year_Month": "2014-07",
            "Product Name": "Binney & Smith Sketch Pad, Blue",
            "total_sales": 203.80800000000002,
            "total_quantity": 11
        },
        {
            "Year_Month": "2014-07",
            "Product Name": "Boston Canvas, Fluorescent",
            "total_sales": 109.8,
            "total_quantity": 3
        },
        {
            "Year_Month": "2014-07",
            "Product Name": "Boston Sketch Pad, Blue",
            "total_sales": 155.52,
            "total_quantity": 8
        },
        {
            "Year_Month": "2014-08",
            "Product Name": "BIC Canvas, Blue",
            "total_sales": 402.75,
            "total_quantity": 8
        },
        {
            "Year_Month": "2014-08",
            "Product Name": "BIC Canvas, Fluorescent",
            "total_sales": 357.24,
            "total_quantity": 13
        },
        {
            "Year_Month": "2014-08",
            "Product Name": "Binney & Smith Sketch Pad, Blue",
            "total_sales": 541.944,
            "total_quantity": 17
        },
        {
            "Year_Month": "2014-08",
            "Product Name": "Boston Canvas, Fluorescent",
            "total_sales": 768.6,
            "total_quantity": 14
        },
        {
            "Year_Month": "2014-08",
            "Product Name": "Boston Sketch Pad, Blue",
            "total_sales": 972.0,
            "total_quantity": 20
        },
        {
            "Year_Month": "2014-09",
            "Product Name": "BIC Canvas, Blue",
            "total_sales": 252.39000000000001,
            "total_quantity": 5
        },
        {
            "Year_Month": "2014-09",
            "Product Name": "BIC Canvas, Fluorescent",
            "total_sales": 1929.096,
            "total_quantity": 36
        },
        {
            "Year_Month": "2014-09",
            "Product Name": "Boston Canvas, Fluorescent",
            "total_sales": 570.96,
            "total_quantity": 11
        },
        {
            "Year_Month": "2014-09",
            "Product Name": "Boston Sketch Pad, Blue",
            "total_sales": 194.4,
            "total_quantity": 4
        },
        {
            "Year_Month": "2014-10",
            "Product Name": "BIC Canvas, Blue",
            "total_sales": 483.29999999999995,
            "total_quantity": 9
        },
        {
            "Year_Month": "2014-10",
            "Product Name": "Binney & Smith Sketch Pad, Blue",
            "total_sales": 261.708,
            "total_quantity": 7
        },
        {
            "Year_Month": "2014-10",
            "Product Name": "Boston Canvas, Fluorescent",
            "total_sales": 292.8,
            "total_quantity": 7
        },
        {
            "Year_Month": "2014-10",
            "Product Name": "Boston Sketch Pad, Blue",
            "total_sales": 534.6,
            "total_quantity": 11
        },
        {
            "Year_Month": "2014-11",
            "Product Name": "BIC Canvas, Blue",
            "total_sales": 375.9,
            "total_quantity": 7
        },
        {
            "Year_Month": "2014-11",
            "Product Name": "BIC Canvas, Fluorescent",
            "total_sales": 296.784,
            "total_quantity": 9
        },
        {
            "Year_Month": "2014-11",
            "Product Name": "Binney & Smith Sketch Pad, Blue",
            "total_sales": 185.28,
            "total_quantity": 4
        },
        {
            "Year_Month": "2014-11",
            "Product Name": "Boston Canvas, Fluorescent",
            "total_sales": 356.85,
            "total_quantity": 9
        },
        {
            "Year_Month": "2014-11",
            "Product Name": "Boston Sketch Pad, Blue",
            "total_sales": 177.87599999999998,
            "total_quantity": 4
        },
        {
            "Year_Month": "2014-12",
            "Product Name": "BIC Canvas, Blue",
            "total_sales": 107.4,
            "total_quantity": 2
        },
        {
            "Year_Month": "2014-12",
            "Product Name": "BIC Canvas, Fluorescent",
            "total_sales": 219.84,
            "total_quantity": 5
        },
        {
            "Year_Month": "2014-12",
            "Product Name": "Binney & Smith Sketch Pad, Blue",
            "total_sales": 282.552,
            "total_quantity": 7
        },
        {
            "Year_Month": "2014-12",
            "Product Name": "Boston Canvas, Fluorescent",
            "total_sales": 329.4,
            "total_quantity": 6
        },
        {
            "Year_Month": "2014-12",
            "Product Name": "Boston Sketch Pad, Blue",
            "total_sales": 218.7,
            "total_quantity": 7
        },
        {
            "Year_Month": "2015-01",
            "Product Name": "BIC Canvas, Blue",
            "total_sales": 53.7,
            "total_quantity": 1
        },
        {
            "Year_Month": "2015-02",
            "Product Name": "BIC Canvas, Fluorescent",
            "total_sales": 219.84,
            "total_quantity": 4
        },
        {
            "Year_Month": "2015-02",
            "Product Name": "Binney & Smith Sketch Pad, Blue",
            "total_sales": 199.176,
            "total_quantity": 5
        },
        {
            "Year_Month": "2015-02",
            "Product Name": "Boston Canvas, Fluorescent",
            "total_sales": 73.2,
            "total_quantity": 2
        },
        {
            "Year_Month": "2015-03",
            "Product Name": "BIC Canvas, Fluorescent",
            "total_sales": 109.92,
            "total_quantity": 2
        },
        {
            "Year_Month": "2015-04",
            "Product Name": "Boston Canvas, Fluorescent",
            "total_sales": 109.8,
            "total_quantity": 2
        },
        {
            "Year_Month": "2015-04",
            "Product Name": "Boston Sketch Pad, Blue",
            "total_sales": 97.2,
            "total_quantity": 2
        },
        {
            "Year_Month": "2015-05",
            "Product Name": "Binney & Smith Sketch Pad, Blue",
            "total_sales": 370.56,
            "total_quantity": 8
        },
        {
            "Year_Month": "2015-05",
            "Product Name": "Boston Canvas, Fluorescent",
            "total_sales": 65.88,
            "total_quantity": 4
        },
        {
            "Year_Month": "2015-06",
            "Product Name": "BIC Canvas, Blue",
            "total_sales": 289.98,
            "total_quantity": 6
        },
        {
            "Year_Month": "2015-06",
            "Product Name": "Binney & Smith Sketch Pad, Blue",
            "total_sales": 64.848,
            "total_quantity": 2
        },
        {
            "Year_Month": "2015-06",
            "Product Name": "Boston Canvas, Fluorescent",
            "total_sales": 153.72,
            "total_quantity": 4
        },
        {
            "Year_Month": "2015-06",
            "Product Name": "Boston Sketch Pad, Blue",
            "total_sales": 64.8,
            "total_quantity": 2
        },
        {
            "Year_Month": "2015-07",
            "Product Name": "BIC Canvas, Blue",
            "total_sales": 53.7,
            "total_quantity": 1
        },
        {
            "Year_Month": "2015-07",
            "Product Name": "Boston Sketch Pad, Blue",
            "total_sales": 534.6,
            "total_quantity": 11
        },
        {
            "Year_Month": "2015-08",
            "Product Name": "BIC Canvas, Blue",
            "total_sales": 338.31,
            "total_quantity": 7
        },
        {
            "Year_Month": "2015-08",
            "Product Name": "BIC Canvas, Fluorescent",
            "total_sales": 109.92,
            "total_quantity": 2
        },
        {
            "Year_Month": "2015-08",
            "Product Name": "Binney & Smith Sketch Pad, Blue",
            "total_sales": 277.92,
            "total_quantity": 6
        },
        {
            "Year_Month": "2015-08",
            "Product Name": "Boston Canvas, Fluorescent",
            "total_sales": 202.581,
            "total_quantity": 7
        },
        {
            "Year_Month": "2015-08",
            "Product Name": "Boston Sketch Pad, Blue",
            "total_sales": 388.8,
            "total_quantity": 8
        },
        {
            "Year_Month": "2015-09",
            "Product Name": "BIC Canvas, Blue",
            "total_sales": 537.0,
            "total_quantity": 10
        },
        {
            "Year_Month": "2015-09",
            "Product Name": "BIC Canvas, Fluorescent",
            "total_sales": 115.41600000000001,
            "total_quantity": 4
        },
        {
            "Year_Month": "2015-09",
            "Product Name": "Boston Canvas, Fluorescent",
            "total_sales": 164.7,
            "total_quantity": 3
        },
        {
            "Year_Month": "2015-09",
            "Product Name": "Boston Sketch Pad, Blue",
            "total_sales": 145.8,
            "total_quantity": 3
        },
        {
            "Year_Month": "2015-10",
            "Product Name": "BIC Canvas, Fluorescent",
            "total_sales": 203.352,
            "total_quantity": 4
        },
        {
            "Year_Month": "2015-10",
            "Product Name": "Binney & Smith Sketch Pad, Blue",
            "total_sales": 55.584,
            "total_quantity": 3
        },
        {
            "Year_Month": "2015-10",
            "Product Name": "Boston Canvas, Fluorescent",
            "total_sales": 494.09999999999997,
            "total_quantity": 9
        },
        {
            "Year_Month": "2015-11",
            "Product Name": "BIC Canvas, Blue",
            "total_sales": 429.59999999999997,
            "total_quantity": 8
        },
        {
            "Year_Month": "2015-11",
            "Product Name": "Binney & Smith Sketch Pad, Blue",
            "total_sales": 185.28,
            "total_quantity": 4
        },
        {
            "Year_Month": "2015-11",
            "Product Name": "Boston Canvas, Fluorescent",
            "total_sales": 764.9399999999999,
            "total_quantity": 17
        },
        {
            "Year_Month": "2015-11",
            "Product Name": "Boston Sketch Pad, Blue",
            "total_sales": 97.2,
            "total_quantity": 2
        },
        {
            "Year_Month": "2015-12",
            "Product Name": "BIC Canvas, Blue",
            "total_sales": 375.9,
            "total_quantity": 7
        },
        {
            "Year_Month": "2015-12",
            "Product Name": "Binney & Smith Sketch Pad, Blue",
            "total_sales": 416.88,
            "total_quantity": 15
        },
        {
            "Year_Month": "2015-12",
            "Product Name": "Boston Canvas, Fluorescent",
            "total_sales": 65.88,
            "total_quantity": 2
        },
        {
            "Year_Month": "2016-01",
            "Product Name": "BIC Canvas, Fluorescent",
            "total_sales": 164.88,
            "total_quantity": 3
        },
        {
            "Year_Month": "2016-01",
            "Product Name": "Boston Sketch Pad, Blue",
            "total_sales": 97.2,
            "total_quantity": 2
        },
        {
            "Year_Month": "2016-02",
            "Product Name": "BIC Canvas, Blue",
            "total_sales": 322.2,
            "total_quantity": 6
        },
        {
            "Year_Month": "2016-02",
            "Product Name": "BIC Canvas, Fluorescent",
            "total_sales": 659.52,
            "total_quantity": 12
        },
        {
            "Year_Month": "2016-02",
            "Product Name": "Binney & Smith Sketch Pad, Blue",
            "total_sales": 18.528,
            "total_quantity": 1
        },
        {
            "Year_Month": "2016-03",
            "Product Name": "BIC Canvas, Blue",
            "total_sales": 64.44,
            "total_quantity": 4
        },
        {
            "Year_Month": "2016-03",
            "Product Name": "Binney & Smith Sketch Pad, Blue",
            "total_sales": 254.76,
            "total_quantity": 10
        },
        {
            "Year_Month": "2016-04",
            "Product Name": "BIC Canvas, Blue",
            "total_sales": 107.4,
            "total_quantity": 2
        },
        {
            "Year_Month": "2016-05",
            "Product Name": "BIC Canvas, Blue",
            "total_sales": 268.5,
            "total_quantity": 5
        },
        {
            "Year_Month": "2016-05",
            "Product Name": "Binney & Smith Sketch Pad, Blue",
            "total_sales": 138.96,
            "total_quantity": 6
        },
        {
            "Year_Month": "2016-05",
            "Product Name": "Boston Canvas, Fluorescent",
            "total_sales": 164.7,
            "total_quantity": 3
        },
        {
            "Year_Month": "2016-05",
            "Product Name": "Boston Sketch Pad, Blue",
            "total_sales": 243.0,
            "total_quantity": 5
        },
        {
            "Year_Month": "2016-06",
            "Product Name": "BIC Canvas, Fluorescent",
            "total_sales": 137.4,
            "total_quantity": 5
        },
        {
            "Year_Month": "2016-06",
            "Product Name": "Binney & Smith Sketch Pad, Blue",
            "total_sales": 185.28,
            "total_quantity": 4
        },
        {
            "Year_Month": "2016-06",
            "Product Name": "Boston Canvas, Fluorescent",
            "total_sales": 494.09999999999997,
            "total_quantity": 9
        },
        {
            "Year_Month": "2016-06",
            "Product Name": "Boston Sketch Pad, Blue",
            "total_sales": 213.84,
            "total_quantity": 5
        },
        {
            "Year_Month": "2016-07",
            "Product Name": "BIC Canvas, Blue",
            "total_sales": 289.98,
            "total_quantity": 6
        },
        {
            "Year_Month": "2016-07",
            "Product Name": "BIC Canvas, Fluorescent",
            "total_sales": 274.8,
            "total_quantity": 5
        },
        {
            "Year_Month": "2016-07",
            "Product Name": "Boston Sketch Pad, Blue",
            "total_sales": 486.0,
            "total_quantity": 10
        },
        {
            "Year_Month": "2016-08",
            "Product Name": "BIC Canvas, Blue",
            "total_sales": 53.7,
            "total_quantity": 1
        },
        {
            "Year_Month": "2016-08",
            "Product Name": "BIC Canvas, Fluorescent",
            "total_sales": 164.88,
            "total_quantity": 3
        },
        {
            "Year_Month": "2016-08",
            "Product Name": "Binney & Smith Sketch Pad, Blue",
            "total_sales": 787.44,
            "total_quantity": 17
        },
        {
            "Year_Month": "2016-08",
            "Product Name": "Boston Canvas, Fluorescent",
            "total_sales": 219.6,
            "total_quantity": 8
        },
        {
            "Year_Month": "2016-09",
            "Product Name": "BIC Canvas, Blue",
            "total_sales": 375.9,
            "total_quantity": 7
        },
        {
            "Year_Month": "2016-09",
            "Product Name": "BIC Canvas, Fluorescent",
            "total_sales": 109.92,
            "total_quantity": 2
        },
        {
            "Year_Month": "2016-09",
            "Product Name": "Binney & Smith Sketch Pad, Blue",
            "total_sales": 416.88,
            "total_quantity": 9
        },
        {
            "Year_Month": "2016-09",
            "Product Name": "Boston Canvas, Fluorescent",
            "total_sales": 1043.1,
            "total_quantity": 21
        },
        {
            "Year_Month": "2016-09",
            "Product Name": "Boston Sketch Pad, Blue",
            "total_sales": 126.36,
            "total_quantity": 4
        },
        {
            "Year_Month": "2016-10",
            "Product Name": "BIC Canvas, Fluorescent",
            "total_sales": 164.88,
            "total_quantity": 3
        },
        {
            "Year_Month": "2016-11",
            "Product Name": "BIC Canvas, Fluorescent",
            "total_sales": 274.8,
            "total_quantity": 5
        },
        {
            "Year_Month": "2016-11",
            "Product Name": "Binney & Smith Sketch Pad, Blue",
            "total_sales": 137.416,
            "total_quantity": 5
        },
        {
            "Year_Month": "2016-11",
            "Product Name": "Boston Canvas, Fluorescent",
            "total_sales": 362.34,
            "total_quantity": 9
        },
        {
            "Year_Month": "2016-11",
            "Product Name": "Boston Sketch Pad, Blue",
            "total_sales": 534.6,
            "total_quantity": 11
        },
        {
            "Year_Month": "2016-12",
            "Product Name": "BIC Canvas, Fluorescent",
            "total_sales": 329.76,
            "total_quantity": 6
        },
        {
            "Year_Month": "2016-12",
            "Product Name": "Boston Canvas, Fluorescent",
            "total_sales": 109.8,
            "total_quantity": 2
        },
        {
            "Year_Month": "2016-12",
            "Product Name": "Boston Sketch Pad, Blue",
            "total_sales": 97.2,
            "total_quantity": 2
        },
        {
            "Year_Month": "2017-01",
            "Product Name": "BIC Canvas, Fluorescent",
            "total_sales": 109.92,
            "total_quantity": 2
        },
        {
            "Year_Month": "2017-01",
            "Product Name": "Binney & Smith Sketch Pad, Blue",
            "total_sales": 92.64,
            "total_quantity": 2
        },
        {
            "Year_Month": "2017-01",
            "Product Name": "Boston Sketch Pad, Blue",
            "total_sales": 184.68,
            "total_quantity": 4
        },
        {
            "Year_Month": "2017-03",
            "Product Name": "BIC Canvas, Blue",
            "total_sales": 386.64,
            "total_quantity": 12
        },
        {
            "Year_Month": "2017-03",
            "Product Name": "BIC Canvas, Fluorescent",
            "total_sales": 120.3624,
            "total_quantity": 3
        },
        {
            "Year_Month": "2017-03",
            "Product Name": "Binney & Smith Sketch Pad, Blue",
            "total_sales": 185.28,
            "total_quantity": 4
        },
        {
            "Year_Month": "2017-04",
            "Product Name": "BIC Canvas, Fluorescent",
            "total_sales": 109.92,
            "total_quantity": 2
        },
        {
            "Year_Month": "2017-04",
            "Product Name": "Binney & Smith Sketch Pad, Blue",
            "total_sales": 203.3448,
            "total_quantity": 8
        },
        {
            "Year_Month": "2017-04",
            "Product Name": "Boston Sketch Pad, Blue",
            "total_sales": 136.08,
            "total_quantity": 7
        },
        {
            "Year_Month": "2017-05",
            "Product Name": "Binney & Smith Sketch Pad, Blue",
            "total_sales": 92.64,
            "total_quantity": 2
        },
        {
            "Year_Month": "2017-06",
            "Product Name": "BIC Canvas, Blue",
            "total_sales": 317.36699999999996,
            "total_quantity": 9
        },
        {
            "Year_Month": "2017-06",
            "Product Name": "BIC Canvas, Fluorescent",
            "total_sales": 296.784,
            "total_quantity": 6
        },
        {
            "Year_Month": "2017-06",
            "Product Name": "Binney & Smith Sketch Pad, Blue",
            "total_sales": 138.96,
            "total_quantity": 3
        },
        {
            "Year_Month": "2017-06",
            "Product Name": "Boston Canvas, Fluorescent",
            "total_sales": 58.56,
            "total_quantity": 2
        },
        {
            "Year_Month": "2017-06",
            "Product Name": "Boston Sketch Pad, Blue",
            "total_sales": 278.64000000000004,
            "total_quantity": 7
        },
        {
            "Year_Month": "2017-07",
            "Product Name": "BIC Canvas, Blue",
            "total_sales": 107.4,
            "total_quantity": 2
        },
        {
            "Year_Month": "2017-07",
            "Product Name": "Binney & Smith Sketch Pad, Blue",
            "total_sales": 111.168,
            "total_quantity": 8
        },
        {
            "Year_Month": "2017-07",
            "Product Name": "Boston Canvas, Fluorescent",
            "total_sales": 109.8,
            "total_quantity": 3
        },
        {
            "Year_Month": "2017-07",
            "Product Name": "Boston Sketch Pad, Blue",
            "total_sales": 155.52,
            "total_quantity": 8
        },
        {
            "Year_Month": "2017-08",
            "Product Name": "BIC Canvas, Blue",
            "total_sales": 402.75,
            "total_quantity": 8
        },
        {
            "Year_Month": "2017-08",
            "Product Name": "BIC Canvas, Fluorescent",
            "total_sales": 357.24,
            "total_quantity": 13
        },
        {
            "Year_Month": "2017-08",
            "Product Name": "Binney & Smith Sketch Pad, Blue",
            "total_sales": 347.4,
            "total_quantity": 10
        },
        {
            "Year_Month": "2017-08",
            "Product Name": "Boston Canvas, Fluorescent",
            "total_sales": 109.8,
            "total_quantity": 2
        },
        {
            "Year_Month": "2017-08",
            "Product Name": "Boston Sketch Pad, Blue",
            "total_sales": 777.6,
            "total_quantity": 16
        },
        {
            "Year_Month": "2017-09",
            "Product Name": "BIC Canvas, Blue",
            "total_sales": 107.4,
            "total_quantity": 2
        },
        {
            "Year_Month": "2017-09",
            "Product Name": "BIC Canvas, Fluorescent",
            "total_sales": 1483.92,
            "total_quantity": 27
        },
        {
            "Year_Month": "2017-09",
            "Product Name": "Boston Canvas, Fluorescent",
            "total_sales": 296.46,
            "total_quantity": 6
        },
        {
            "Year_Month": "2017-09",
            "Product Name": "Boston Sketch Pad, Blue",
            "total_sales": 194.4,
            "total_quantity": 4
        },
        {
            "Year_Month": "2017-10",
            "Product Name": "BIC Canvas, Blue",
            "total_sales": 483.29999999999995,
            "total_quantity": 9
        },
        {
            "Year_Month": "2017-10",
            "Product Name": "Binney & Smith Sketch Pad, Blue",
            "total_sales": 169.068,
            "total_quantity": 5
        },
        {
            "Year_Month": "2017-10",
            "Product Name": "Boston Canvas, Fluorescent",
            "total_sales": 109.8,
            "total_quantity": 2
        },
        {
            "Year_Month": "2017-10",
            "Product Name": "Boston Sketch Pad, Blue",
            "total_sales": 97.2,
            "total_quantity": 2
        },
        {
            "Year_Month": "2017-11",
            "Product Name": "BIC Canvas, Blue",
            "total_sales": 375.9,
            "total_quantity": 7
        },
        {
            "Year_Month": "2017-11",
            "Product Name": "BIC Canvas, Fluorescent",
            "total_sales": 131.904,
            "total_quantity": 6
        },
        {
            "Year_Month": "2017-11",
            "Product Name": "Binney & Smith Sketch Pad, Blue",
            "total_sales": 138.96,
            "total_quantity": 3
        },
        {
            "Year_Month": "2017-11",
            "Product Name": "Boston Canvas, Fluorescent",
            "total_sales": 274.5,
            "total_quantity": 6
        },
        {
            "Year_Month": "2017-11",
            "Product Name": "Boston Sketch Pad, Blue",
            "total_sales": 80.676,
            "total_quantity": 2
        },
        {
            "Year_Month": "2017-12",
            "Product Name": "BIC Canvas, Blue",
            "total_sales": 107.4,
            "total_quantity": 2
        },
        {
            "Year_Month": "2017-12",
            "Product Name": "BIC Canvas, Fluorescent",
            "total_sales": 219.84,
            "total_quantity": 5
        },
        {
            "Year_Month": "2017-12",
            "Product Name": "Binney & Smith Sketch Pad, Blue",
            "total_sales": 282.552,
            "total_quantity": 7
        },
        {
            "Year_Month": "2017-12",
            "Product Name": "Boston Canvas, Fluorescent",
            "total_sales": 219.6,
            "total_quantity": 4
        },
        {
            "Year_Month": "2017-12",
            "Product Name": "Boston Sketch Pad, Blue",
            "total_sales": 97.2,
            "total_quantity": 2
        }
    ],
    "most_frequent_order_month": [
        {
            "Order Month": "2014-12",
            "Order Count": 318
        },
        {
            "Order Month": "2014-11",
            "Order Count": 299
        },
        {
            "Order Month": "2014-09",
            "Order Count": 292
        },
        {
            "Order Month": "2014-06",
            "Order Count": 255
        },
        {
            "Order Month": "2014-08",
            "Order Count": 243
        },
        {
            "Order Month": "2017-12",
            "Order Count": 214
        },
        {
            "Order Month": "2017-11",
            "Order Count": 206
        },
        {
            "Order Month": "2014-10",
            "Order Count": 197
        },
        {
            "Order Month": "2017-09",
            "Order Count": 189
        },
        {
            "Order Month": "2014-05",
            "Order Count": 175
        },
        {
            "Order Month": "2016-09",
            "Order Count": 175
        },
        {
            "Order Month": "2013-09",
            "Order Count": 175
        },
        {
            "Order Month": "2017-06",
            "Order Count": 170
        },
        {
            "Order Month": "2014-03",
            "Order Count": 167
        },
        {
            "Order Month": "2017-08",
            "Order Count": 162
        },
        {
            "Order Month": "2014-07",
            "Order Count": 161
        },
        {
            "Order Month": "2014-04",
            "Order Count": 157
        },
        {
            "Order Month": "2014-01",
            "Order Count": 156
        },
        {
            "Order Month": "2016-08",
            "Order Count": 155
        },
        {
            "Order Month": "2013-08",
            "Order Count": 155
        }
    ],
    "time_series_analysis": [
        {
            "Order Date": "2011-01",
            "Sales": 4752.8035,
            "Quantity": 201,
            "Sales_MA": NaN
        },
        {
            "Order Date": "2011-02",
            "Sales": 2454.3244,
            "Quantity": 112,
            "Sales_MA": NaN
        },
        {
            "Order Date": "2011-03",
            "Sales": 2772.971,
            "Quantity": 182,
            "Sales_MA": 3326.6996333333336
        },
        {
            "Order Date": "2011-04",
            "Sales": 5223.938,
            "Quantity": 264,
            "Sales_MA": 3483.744466666667
        },
        {
            "Order Date": "2011-05",
            "Sales": 4947.815,
            "Quantity": 221,
            "Sales_MA": 4314.908
        },
        {
            "Order Date": "2011-06",
            "Sales": 6227.931,
            "Quantity": 298,
            "Sales_MA": 5466.561333333334
        },
        {
            "Order Date": "2011-07",
            "Sales": 3161.6942,
            "Quantity": 169,
            "Sales_MA": 4779.146733333332
        },
        {
            "Order Date": "2011-08",
            "Sales": 6409.2131,
            "Quantity": 287,
            "Sales_MA": 5266.279433333333
        },
        {
            "Order Date": "2011-09",
            "Sales": 8413.525,
            "Quantity": 354,
            "Sales_MA": 5994.8107666666665
        },
        {
            "Order Date": "2011-10",
            "Sales": 5103.2338,
            "Quantity": 210,
            "Sales_MA": 6641.990633333334
        },
        {
            "Order Date": "2011-11",
            "Sales": 5103.1965,
            "Quantity": 265,
            "Sales_MA": 6206.651766666667
        },
        {
            "Order Date": "2011-12",
            "Sales": 9568.2867,
            "Quantity": 368,
            "Sales_MA": 6591.5723333333335
        },
        {
            "Order Date": "2012-01",
            "Sales": 3772.9231,
            "Quantity": 160,
            "Sales_MA": 6148.135433333334
        },
        {
            "Order Date": "2012-02",
            "Sales": 3094.2758,
            "Quantity": 144,
            "Sales_MA": 5478.4952
        },
        {
            "Order Date": "2012-03",
            "Sales": 4284.048,
            "Quantity": 192,
            "Sales_MA": 3717.0823
        },
        {
            "Order Date": "2012-04",
            "Sales": 4396.796,
            "Quantity": 199,
            "Sales_MA": 3925.0399333333335
        },
        {
            "Order Date": "2012-05",
            "Sales": 6336.4612,
            "Quantity": 245,
            "Sales_MA": 5005.7684
        },
        {
            "Order Date": "2012-06",
            "Sales": 7766.767,
            "Quantity": 344,
            "Sales_MA": 6166.674733333333
        },
        {
            "Order Date": "2012-07",
            "Sales": 4630.6835,
            "Quantity": 182,
            "Sales_MA": 6244.637233333334
        },
        {
            "Order Date": "2012-08",
            "Sales": 9294.547199999999,
            "Quantity": 389,
            "Sales_MA": 7230.6659
        },
        {
            "Order Date": "2012-09",
            "Sales": 8686.2564,
            "Quantity": 390,
            "Sales_MA": 7537.1623666666665
        },
        {
            "Order Date": "2012-10",
            "Sales": 6891.3917,
            "Quantity": 297,
            "Sales_MA": 8290.731766666666
        },
        {
            "Order Date": "2012-11",
            "Sales": 10824.2654,
            "Quantity": 496,
            "Sales_MA": 8800.637833333332
        },
        {
            "Order Date": "2012-12",
            "Sales": 12379.9339,
            "Quantity": 518,
            "Sales_MA": 10031.863666666666
        },
        {
            "Order Date": "2013-01",
            "Sales": 5570.6247,
            "Quantity": 211,
            "Sales_MA": 9591.608
        },
        {
            "Order Date": "2013-02",
            "Sales": 4613.1405,
            "Quantity": 196,
            "Sales_MA": 7521.233033333333
        },
        {
            "Order Date": "2013-03",
            "Sales": 4318.6008,
            "Quantity": 207,
            "Sales_MA": 4834.121999999999
        },
        {
            "Order Date": "2013-04",
            "Sales": 4572.4949,
            "Quantity": 238,
            "Sales_MA": 4501.412066666667
        },
        {
            "Order Date": "2013-05",
            "Sales": 8579.1789,
            "Quantity": 347,
            "Sales_MA": 5823.424866666665
        },
        {
            "Order Date": "2013-06",
            "Sales": 11681.9279,
            "Quantity": 481,
            "Sales_MA": 8277.867233333332
        },
        {
            "Order Date": "2013-07",
            "Sales": 6766.572700000001,
            "Quantity": 290,
            "Sales_MA": 9009.226499999999
        },
        {
            "Order Date": "2013-08",
            "Sales": 12818.215900000001,
            "Quantity": 490,
            "Sales_MA": 10422.238833333333
        },
        {
            "Order Date": "2013-09",
            "Sales": 13318.9166,
            "Quantity": 564,
            "Sales_MA": 10967.901733333332
        },
        {
            "Order Date": "2013-10",
            "Sales": 5984.0112,
            "Quantity": 280,
            "Sales_MA": 10707.0479
        },
        {
            "Order Date": "2013-11",
            "Sales": 9900.8729,
            "Quantity": 423,
            "Sales_MA": 9734.600233333333
        },
        {
            "Order Date": "2013-12",
            "Sales": 9882.4761,
            "Quantity": 453,
            "Sales_MA": 8589.120066666665
        },
        {
            "Order Date": "2014-01",
            "Sales": 12604.7027,
            "Quantity": 531,
            "Sales_MA": 10796.017233333332
        },
        {
            "Order Date": "2014-02",
            "Sales": 8858.8358,
            "Quantity": 379,
            "Sales_MA": 10448.671533333332
        },
        {
            "Order Date": "2014-03",
            "Sales": 10624.4411,
            "Quantity": 534,
            "Sales_MA": 10695.993199999999
        },
        {
            "Order Date": "2014-04",
            "Sales": 12197.1679,
            "Quantity": 584,
            "Sales_MA": 10560.148266666665
        },
        {
            "Order Date": "2014-05",
            "Sales": 13006.1659,
            "Quantity": 582,
            "Sales_MA": 11942.591633333332
        },
        {
            "Order Date": "2014-06",
            "Sales": 19632.0973,
            "Quantity": 868,
            "Sales_MA": 14945.1437
        },
        {
            "Order Date": "2014-07",
            "Sales": 11335.4513,
            "Quantity": 536,
            "Sales_MA": 14657.904833333334
        },
        {
            "Order Date": "2014-08",
            "Sales": 20500.5273,
            "Quantity": 819,
            "Sales_MA": 17156.0253
        },
        {
            "Order Date": "2014-09",
            "Sales": 23865.8314,
            "Quantity": 1009,
            "Sales_MA": 18567.27
        },
        {
            "Order Date": "2014-10",
            "Sales": 15018.0216,
            "Quantity": 673,
            "Sales_MA": 19794.793433333336
        },
        {
            "Order Date": "2014-11",
            "Sales": 20290.5595,
            "Quantity": 968,
            "Sales_MA": 19724.804166666665
        },
        {
            "Order Date": "2014-12",
            "Sales": 23716.6138,
            "Quantity": 1062,
            "Sales_MA": 19675.064966666665
        },
        {
            "Order Date": "2015-01",
            "Sales": 3772.9231,
            "Quantity": 160,
            "Sales_MA": 15926.698799999998
        },
        {
            "Order Date": "2015-02",
            "Sales": 3094.2758,
            "Quantity": 144,
            "Sales_MA": 10194.604233333333
        },
        {
            "Order Date": "2015-03",
            "Sales": 4284.048,
            "Quantity": 192,
            "Sales_MA": 3717.0823
        },
        {
            "Order Date": "2015-04",
            "Sales": 4374.056,
            "Quantity": 196,
            "Sales_MA": 3917.459933333333
        },
        {
            "Order Date": "2015-05",
            "Sales": 6336.4612,
            "Quantity": 245,
            "Sales_MA": 4998.1884
        },
        {
            "Order Date": "2015-06",
            "Sales": 7745.807,
            "Quantity": 342,
            "Sales_MA": 6152.108066666667
        },
        {
            "Order Date": "2015-07",
            "Sales": 4630.6835,
            "Quantity": 182,
            "Sales_MA": 6237.650566666666
        },
        {
            "Order Date": "2015-08",
            "Sales": 9294.5472,
            "Quantity": 389,
            "Sales_MA": 7223.679233333333
        },
        {
            "Order Date": "2015-09",
            "Sales": 8686.2564,
            "Quantity": 390,
            "Sales_MA": 7537.1623666666665
        },
        {
            "Order Date": "2015-10",
            "Sales": 6891.3917,
            "Quantity": 297,
            "Sales_MA": 8290.731766666666
        },
        {
            "Order Date": "2015-11",
            "Sales": 10824.2654,
            "Quantity": 496,
            "Sales_MA": 8800.637833333334
        },
        {
            "Order Date": "2015-12",
            "Sales": 12378.1539,
            "Quantity": 517,
            "Sales_MA": 10031.270333333334
        },
        {
            "Order Date": "2016-01",
            "Sales": 5570.6247,
            "Quantity": 211,
            "Sales_MA": 9591.014666666668
        },
        {
            "Order Date": "2016-02",
            "Sales": 4613.1404999999995,
            "Quantity": 196,
            "Sales_MA": 7520.6397
        },
        {
            "Order Date": "2016-03",
            "Sales": 4318.6008,
            "Quantity": 207,
            "Sales_MA": 4834.122
        },
        {
            "Order Date": "2016-04",
            "Sales": 4572.4949,
            "Quantity": 238,
            "Sales_MA": 4501.412066666667
        },
        {
            "Order Date": "2016-05",
            "Sales": 8579.1789,
            "Quantity": 347,
            "Sales_MA": 5823.424866666667
        },
        {
            "Order Date": "2016-06",
            "Sales": 11681.9279,
            "Quantity": 481,
            "Sales_MA": 8277.867233333332
        },
        {
            "Order Date": "2016-07",
            "Sales": 6766.5727,
            "Quantity": 290,
            "Sales_MA": 9009.2265
        },
        {
            "Order Date": "2016-08",
            "Sales": 12818.215900000001,
            "Quantity": 490,
            "Sales_MA": 10422.238833333335
        },
        {
            "Order Date": "2016-09",
            "Sales": 13318.9166,
            "Quantity": 564,
            "Sales_MA": 10967.901733333332
        },
        {
            "Order Date": "2016-10",
            "Sales": 5953.0352,
            "Quantity": 272,
            "Sales_MA": 10696.722566666669
        },
        {
            "Order Date": "2016-11",
            "Sales": 9900.8729,
            "Quantity": 423,
            "Sales_MA": 9724.2749
        },
        {
            "Order Date": "2016-12",
            "Sales": 9882.4761,
            "Quantity": 453,
            "Sales_MA": 8578.794733333334
        },
        {
            "Order Date": "2017-01",
            "Sales": 7827.6992,
            "Quantity": 325,
            "Sales_MA": 9203.682733333333
        },
        {
            "Order Date": "2017-02",
            "Sales": 5867.6194,
            "Quantity": 251,
            "Sales_MA": 7859.264899999999
        },
        {
            "Order Date": "2017-03",
            "Sales": 8216.5401,
            "Quantity": 360,
            "Sales_MA": 7303.9529
        },
        {
            "Order Date": "2017-04",
            "Sales": 7176.1199,
            "Quantity": 328,
            "Sales_MA": 7086.7598
        },
        {
            "Order Date": "2017-05",
            "Sales": 7611.1709,
            "Quantity": 343,
            "Sales_MA": 7667.943633333333
        },
        {
            "Order Date": "2017-06",
            "Sales": 13646.0583,
            "Quantity": 572,
            "Sales_MA": 9477.783033333333
        },
        {
            "Order Date": "2017-07",
            "Sales": 8152.9811,
            "Quantity": 371,
            "Sales_MA": 9803.403433333335
        },
        {
            "Order Date": "2017-08",
            "Sales": 14016.0302,
            "Quantity": 521,
            "Sales_MA": 11938.356533333334
        },
        {
            "Order Date": "2017-09",
            "Sales": 15578.5064,
            "Quantity": 660,
            "Sales_MA": 12582.505899999998
        },
        {
            "Order Date": "2017-10",
            "Sales": 9014.559799999999,
            "Quantity": 430,
            "Sales_MA": 12869.698799999998
        },
        {
            "Order Date": "2017-11",
            "Sales": 15856.501,
            "Quantity": 723,
            "Sales_MA": 13483.189066666666
        },
        {
            "Order Date": "2017-12",
            "Sales": 14297.6771,
            "Quantity": 698,
            "Sales_MA": 13056.245966666667
        }
    ],
    "customer_segmentation": [
        {
            "Customer Name": "Jasper Cacioppo",
            "total_spent": 3779.128,
            "purchase_frequency": 26,
            "average_order_value": 118.09775
        },
        {
            "Customer Name": "Becky Castell",
            "total_spent": 3708.748,
            "purchase_frequency": 26,
            "average_order_value": 103.02077777777778
        },
        {
            "Customer Name": "Brendan Sweed",
            "total_spent": 3276.7879999999996,
            "purchase_frequency": 16,
            "average_order_value": 182.04377777777776
        },
        {
            "Customer Name": "Gary Hwang",
            "total_spent": 3099.282,
            "purchase_frequency": 20,
            "average_order_value": 140.87645454545455
        },
        {
            "Customer Name": "Kelly Andreada",
            "total_spent": 3002.078,
            "purchase_frequency": 24,
            "average_order_value": 115.46453846153847
        },
        {
            "Customer Name": "Laura Armstrong",
            "total_spent": 2953.0548,
            "purchase_frequency": 18,
            "average_order_value": 147.65274
        },
        {
            "Customer Name": "James Galang",
            "total_spent": 2661.564,
            "purchase_frequency": 20,
            "average_order_value": 95.05585714285714
        },
        {
            "Customer Name": "Nicole Hansen",
            "total_spent": 2529.92,
            "purchase_frequency": 8,
            "average_order_value": 180.70857142857145
        },
        {
            "Customer Name": "Tony Molinari",
            "total_spent": 2517.7799999999997,
            "purchase_frequency": 24,
            "average_order_value": 96.8376923076923
        },
        {
            "Customer Name": "Alan Hwang",
            "total_spent": 2451.544,
            "purchase_frequency": 20,
            "average_order_value": 111.43381818181818
        }
    ],
    "discount_analysis": [
        {
            "Discount": 0.0,
            "total_sales": 587581.66,
            "total_quantity": 22689,
            "average_profit": 21.7485
        },
        {
            "Discount": 0.1,
            "total_sales": 42863.58,
            "total_quantity": 1538,
            "average_profit": 16.0104
        },
        {
            "Discount": 0.17,
            "total_sales": 5475.4104,
            "total_quantity": 198,
            "average_profit": 5.3638
        },
        {
            "Discount": 0.2,
            "total_sales": 22747.152,
            "total_quantity": 2433,
            "average_profit": 4.0789
        },
        {
            "Discount": 0.27,
            "total_sales": 17475.8058,
            "total_quantity": 734,
            "average_profit": -6.0871
        },
        {
            "Discount": 0.4,
            "total_sales": 17740.716,
            "total_quantity": 1194,
            "average_profit": -10.8134
        },
        {
            "Discount": 0.45,
            "total_sales": 4502.487,
            "total_quantity": 252,
            "average_profit": -20.5632
        },
        {
            "Discount": 0.47,
            "total_sales": 2376.0006,
            "total_quantity": 116,
            "average_profit": -23.7769
        },
        {
            "Discount": 0.5,
            "total_sales": 23073.36,
            "total_quantity": 1434,
            "average_profit": -26.8156
        },
        {
            "Discount": 0.6,
            "total_sales": 11394.224,
            "total_quantity": 1004,
            "average_profit": -21.6522
        },
        {
            "Discount": 0.7,
            "total_sales": 8474.724,
            "total_quantity": 924,
            "average_profit": -36.9448
        }
    ],
    "geographic_distribution": [
        {
            "State": "England",
            "City": "London",
            "total_sales": 8733.582,
            "total_quantity": 312,
            "Location": "England, London"
        },
        {
            "State": "Berlin",
            "City": "Berlin",
            "total_sales": 7831.296,
            "total_quantity": 236,
            "Location": "Berlin, Berlin"
        },
        {
            "State": "Kinshasa",
            "City": "Kinshasa",
            "total_sales": 7415.88,
            "total_quantity": 214,
            "Location": "Kinshasa, Kinshasa"
        },
        {
            "State": "Lazio",
            "City": "Rome",
            "total_sales": 6189.18,
            "total_quantity": 180,
            "Location": "Lazio, Rome"
        },
        {
            "State": "Madrid",
            "City": "Madrid",
            "total_sales": 5884.92,
            "total_quantity": 222,
            "Location": "Madrid, Madrid"
        },
        {
            "State": "Vienna",
            "City": "Vienna",
            "total_sales": 5812.08,
            "total_quantity": 200,
            "Location": "Vienna, Vienna"
        },
        {
            "State": "Ile-de-France",
            "City": "Paris",
            "total_sales": 5626.14,
            "total_quantity": 154,
            "Location": "Ile-de-France, Paris"
        },
        {
            "State": "Al Qahirah",
            "City": "Cairo",
            "total_sales": 5040.9,
            "total_quantity": 192,
            "Location": "Al Qahirah, Cairo"
        },
        {
            "State": "Baghdad",
            "City": "Baghdad",
            "total_sales": 4580.82,
            "total_quantity": 162,
            "Location": "Baghdad, Baghdad"
        },
        {
            "State": "New York",
            "City": "New York City",
            "total_sales": 4239.74,
            "total_quantity": 506,
            "Location": "New York, New York City"
        },
        {
            "State": "Hamburg",
            "City": "Hamburg",
            "total_sales": 4049.82,
            "total_quantity": 166,
            "Location": "Hamburg, Hamburg"
        },
        {
            "State": "California",
            "City": "Los Angeles",
            "total_sales": 3613.3,
            "total_quantity": 500,
            "Location": "California, Los Angeles"
        },
        {
            "State": "Bavaria",
            "City": "Nuremberg",
            "total_sales": 3403.02,
            "total_quantity": 82,
            "Location": "Bavaria, Nuremberg"
        },
        {
            "State": "Western Australia",
            "City": "Perth",
            "total_sales": 3374.3520000000003,
            "total_quantity": 108,
            "Location": "Western Australia, Perth"
        },
        {
            "State": "Catalonia",
            "City": "Barcelona",
            "total_sales": 3304.44,
            "total_quantity": 74,
            "Location": "Catalonia, Barcelona"
        }
    ],
    "ship_mode_analysis": {
        "First Class": {
            "total_orders": 1253,
            "avg_shipping_delay": 2.23,
            "total_profit": 15511.18,
            "shipping_cost_ratio": 0.19
        },
        "Same Day": {
            "total_orders": 458,
            "avg_shipping_delay": 0.05,
            "total_profit": 7052.44,
            "shipping_cost_ratio": 0.19
        },
        "Second Class": {
            "total_orders": 1840,
            "avg_shipping_delay": 3.31,
            "total_profit": 22616.39,
            "shipping_cost_ratio": 0.13
        },
        "Standard Class": {
            "total_orders": 5234,
            "avg_shipping_delay": 5.02,
            "total_profit": 70603.76,
            "shipping_cost_ratio": 0.09
        }
    },
    "order_priority_analysis": {
        "Critical": {
            "avg_profit_margin": 0.06119547797862349,
            "common_ship_mode": "First Class"
        },
        "High": {
            "avg_profit_margin": 0.07754104851440904,
            "common_ship_mode": "Standard Class"
        },
        "Low": {
            "avg_profit_margin": 0.08994479730718828,
            "common_ship_mode": "Standard Class"
        },
        "Medium": {
            "avg_profit_margin": 0.057328449498531886,
            "common_ship_mode": "Standard Class"
        }
    },
    "rfm_analysis": {
        "rfm_stats": {
            "recency": {
                "count": 796.0,
                "mean": 186.49497487437185,
                "std": 223.21506390606922,
                "min": 0.0,
                "25%": 35.0,
                "50%": 106.0,
                "75%": 247.25,
                "max": 1408.0
            },
            "frequency": {
                "count": 796.0,
                "mean": 11.061557788944723,
                "std": 4.637010486238567,
                "min": 1.0,
                "25%": 8.0,
                "50%": 10.0,
                "75%": 14.0,
                "max": 26.0
            },
            "monetary": {
                "count": 796.0,
                "mean": 934.302914321608,
                "std": 580.0693935414987,
                "min": 19.56,
                "25%": 498.591,
                "50%": 827.3439999999999,
                "75%": 1256.20575,
                "max": 3779.128
            }
        },
        "rfm_segments": {
            "High": 268,
            "Low": 265,
            "Medium": 263
        }
    },
    "churn_analysis": {
        "total_customers": 5468,
        "churned_customers": 3996,
        "churn_rate": 0.7307973664959766,
        "avg_recency": 796.8268105340161,
        "avg_frequency": 1.782553035844916,
        "avg_monetary": 136.01044619604974,
        "churned_customer_characteristics": {
            "avg_recency": 1034.413163163163,
            "avg_frequency": 1.973973973973974,
            "avg_monetary": 150.24551706706708,
            "avg_discount": 0.12192206936651381,
            "avg_quantity": 3.233397909439576,
            "avg_shipping_cost": 8.378132381527173,
            "avg_profit": 11.34938201853459
        },
        "active_customer_characteristics": {
            "avg_recency": 151.85733695652175,
            "avg_frequency": 1.262907608695652,
            "avg_monetary": 97.36687065217392,
            "avg_discount": 0.1233786231884058,
            "avg_quantity": 3.3054913949275364,
            "avg_shipping_cost": 8.413173743206523,
            "avg_profit": 11.552137617753624
        }
    }
}