{
    "segment_distribution": {
        "Consumer": [
            3316,
            0.52
        ],
        "Corporate": [
            1895,
            0.3
        ],
        "Home Office": [
            1113,
            0.18
        ]
    },
    "segment_quantity": {
        "Consumer": 3.51,
        "Corporate": 3.57,
        "Home Office": 3.57
    },
    "segment_unit_price": {
        "Consumer": 34.85,
        "Corporate": 33.37,
        "Home Office": 34.98
    },
    "segment_profit": {
        "Consumer": 4.55,
        "Corporate": 3.9,
        "Home Office": 3.62
    },
    "segment_discount": {
        "Consumer": 0.15,
        "Corporate": 0.15,
        "Home Office": 0.14
    },
    "country_distribution": {
        "United States": [
            1898,
            0.3
        ],
        "Mexico": [
            344,
            0.05
        ],
        "Australia": [
            300,
            0.05
        ],
        "France": [
            218,
            0.03
        ],
        "China": [
            210,
            0.03
        ],
        "Brazil": [
            204,
            0.03
        ],
        "Germany": [
            202,
            0.03
        ],
        "India": [
            198,
            0.03
        ],
        "Indonesia": [
            154,
            0.02
        ],
        "United Kingdom": [
            134,
            0.02
        ],
        "Turkey": [
            130,
            0.02
        ],
        "Philippines": [
            102,
            0.02
        ],
        "Spain": [
            100,
            0.02
        ],
        "Guatemala": [
            96,
            0.02
        ],
        "Italy": [
            95,
            0.02
        ],
        "El Salvador": [
            94,
            0.01
        ],
        "Cuba": [
            80,
            0.01
        ],
        "Nigeria": [
            78,
            0.01
        ],
        "Dominican Republic": [
            76,
            0.01
        ],
        "Honduras": [
            76,
            0.01
        ],
        "New Zealand": [
            70,
            0.01
        ],
        "Nicaragua": [
            66,
            0.01
        ],
        "Iran": [
            58,
            0.01
        ],
        "Netherlands": [
            58,
            0.01
        ],
        "Egypt": [
            50,
            0.01
        ],
        "Russia": [
            48,
            0.01
        ],
        "Panama": [
            48,
            0.01
        ],
        "South Africa": [
            46,
            0.01
        ],
        "Morocco": [
            46,
            0.01
        ],
        "Thailand": [
            44,
            0.01
        ],
        "Iraq": [
            44,
            0.01
        ],
        "Austria": [
            42,
            0.01
        ],
        "Vietnam": [
            42,
            0.01
        ],
        "Saudi Arabia": [
            38,
            0.01
        ],
        "Ukraine": [
            36,
            0.01
        ],
        "Colombia": [
            36,
            0.01
        ],
        "Argentina": [
            36,
            0.01
        ],
        "Pakistan": [
            34,
            0.01
        ],
        "Democratic Republic of the Congo": [
            32,
            0.01
        ],
        "Poland": [
            32,
            0.01
        ],
        "Canada": [
            30,
            0.0
        ],
        "Bangladesh": [
            26,
            0.0
        ],
        "Sweden": [
            24,
            0.0
        ],
        "South Korea": [
            24,
            0.0
        ],
        "Romania": [
            20,
            0.0
        ],
        "Myanmar (Burma)": [
            18,
            0.0
        ],
        "Malaysia": [
            18,
            0.0
        ],
        "Peru": [
            16,
            0.0
        ],
        "Algeria": [
            16,
            0.0
        ],
        "Japan": [
            16,
            0.0
        ],
        "Angola": [
            16,
            0.0
        ],
        "Haiti": [
            16,
            0.0
        ],
        "Venezuela": [
            14,
            0.0
        ],
        "Cameroon": [
            14,
            0.0
        ],
        "Zambia": [
            14,
            0.0
        ],
        "Senegal": [
            13,
            0.0
        ],
        "Afghanistan": [
            12,
            0.0
        ],
        "Belgium": [
            12,
            0.0
        ],
        "Chile": [
            12,
            0.0
        ],
        "Portugal": [
            10,
            0.0
        ],
        "Czech Republic": [
            10,
            0.0
        ],
        "Ecuador": [
            10,
            0.0
        ],
        "Denmark": [
            10,
            0.0
        ],
        "Sudan": [
            10,
            0.0
        ],
        "Jordan": [
            8,
            0.0
        ],
        "Cote d'Ivoire": [
            8,
            0.0
        ],
        "Kazakhstan": [
            8,
            0.0
        ],
        "Jamaica": [
            8,
            0.0
        ],
        "C\u00f4te-d'Ivoire": [
            8,
            0.0
        ],
        "Bulgaria": [
            8,
            0.0
        ],
        "Singapore": [
            8,
            0.0
        ],
        "Mozambique": [
            8,
            0.0
        ],
        "Tanzania": [
            8,
            0.0
        ],
        "Somalia": [
            8,
            0.0
        ],
        "Barbados": [
            6,
            0.0
        ],
        "Rwanda": [
            6,
            0.0
        ],
        "Lithuania": [
            6,
            0.0
        ],
        "Libya": [
            6,
            0.0
        ],
        "Ireland": [
            6,
            0.0
        ],
        "Switzerland": [
            6,
            0.0
        ],
        "Israel": [
            6,
            0.0
        ],
        "Finland": [
            6,
            0.0
        ],
        "Togo": [
            6,
            0.0
        ],
        "Moldova": [
            6,
            0.0
        ],
        "Kenya": [
            6,
            0.0
        ],
        "Madagascar": [
            6,
            0.0
        ],
        "Burundi": [
            4,
            0.0
        ],
        "Cambodia": [
            4,
            0.0
        ],
        "Norway": [
            4,
            0.0
        ],
        "Paraguay": [
            4,
            0.0
        ],
        "Taiwan": [
            4,
            0.0
        ],
        "Estonia": [
            4,
            0.0
        ],
        "Ghana": [
            4,
            0.0
        ],
        "Zimbabwe": [
            4,
            0.0
        ],
        "Georgia": [
            4,
            0.0
        ],
        "Yemen": [
            4,
            0.0
        ],
        "Azerbaijan": [
            4,
            0.0
        ],
        "Belarus": [
            4,
            0.0
        ],
        "Mali": [
            4,
            0.0
        ],
        "Tunisia": [
            2,
            0.0
        ],
        "Lebanon": [
            2,
            0.0
        ],
        "Syria": [
            2,
            0.0
        ],
        "Nepal": [
            2,
            0.0
        ],
        "Turkmenistan": [
            2,
            0.0
        ],
        "Croatia": [
            2,
            0.0
        ],
        "Uganda": [
            2,
            0.0
        ],
        "Kyrgyzstan": [
            2,
            0.0
        ],
        "Niger": [
            2,
            0.0
        ],
        "Slovakia": [
            2,
            0.0
        ],
        "Armenia": [
            2,
            0.0
        ],
        "Hong Kong": [
            2,
            0.0
        ],
        "Albania": [
            2,
            0.0
        ],
        "Bolivia": [
            2,
            0.0
        ],
        "Bosnia and Herzegovina": [
            2,
            0.0
        ],
        "Trinidad and Tobago": [
            2,
            0.0
        ],
        "Martinique": [
            2,
            0.0
        ],
        "Liberia": [
            2,
            0.0
        ],
        "Hungary": [
            2,
            0.0
        ],
        "Mongolia": [
            2,
            0.0
        ],
        "Papua New Guinea": [
            2,
            0.0
        ],
        "Burkina Faso": [
            1,
            0.0
        ],
        "Greece": [
            1,
            0.0
        ]
    },
    "country_quantity": {
        "Afghanistan": 2.33,
        "Albania": 1.0,
        "Algeria": 1.12,
        "Angola": 2.62,
        "Argentina": 3.72,
        "Armenia": 1.0,
        "Australia": 4.11,
        "Austria": 3.24,
        "Azerbaijan": 1.0,
        "Bangladesh": 4.08,
        "Barbados": 2.0,
        "Belarus": 1.5,
        "Belgium": 3.17,
        "Bolivia": 6.0,
        "Bosnia and Herzegovina": 8.0,
        "Brazil": 3.95,
        "Bulgaria": 1.5,
        "Burkina Faso": 2.0,
        "Burundi": 2.0,
        "Cambodia": 5.5,
        "Cameroon": 3.43,
        "Canada": 1.33,
        "Chile": 2.5,
        "China": 3.53,
        "Colombia": 4.17,
        "Cote d'Ivoire": 2.25,
        "Croatia": 1.0,
        "Cuba": 3.85,
        "Czech Republic": 5.4,
        "C\u00f4te-d'Ivoire": 2.25,
        "Democratic Republic of the Congo": 2.12,
        "Denmark": 4.0,
        "Dominican Republic": 4.47,
        "Ecuador": 3.0,
        "Egypt": 2.2,
        "El Salvador": 3.85,
        "Estonia": 4.0,
        "Finland": 3.67,
        "France": 3.72,
        "Georgia": 3.0,
        "Germany": 3.51,
        "Ghana": 1.0,
        "Greece": 3.0,
        "Guatemala": 3.58,
        "Haiti": 3.38,
        "Honduras": 3.08,
        "Hong Kong": 3.0,
        "Hungary": 2.0,
        "India": 3.4,
        "Indonesia": 3.9,
        "Iran": 2.48,
        "Iraq": 1.5,
        "Ireland": 3.67,
        "Israel": 2.33,
        "Italy": 3.91,
        "Jamaica": 3.5,
        "Japan": 4.62,
        "Jordan": 3.5,
        "Kazakhstan": 2.5,
        "Kenya": 3.0,
        "Kyrgyzstan": 1.0,
        "Lebanon": 1.0,
        "Liberia": 2.0,
        "Libya": 2.33,
        "Lithuania": 4.0,
        "Madagascar": 2.33,
        "Malaysia": 3.67,
        "Mali": 1.0,
        "Martinique": 5.0,
        "Mexico": 3.62,
        "Moldova": 3.67,
        "Mongolia": 1.0,
        "Morocco": 2.83,
        "Mozambique": 2.75,
        "Myanmar (Burma)": 4.67,
        "Nepal": 1.0,
        "Netherlands": 4.0,
        "New Zealand": 3.09,
        "Nicaragua": 3.52,
        "Niger": 1.0,
        "Nigeria": 2.44,
        "Norway": 5.0,
        "Pakistan": 3.71,
        "Panama": 3.96,
        "Papua New Guinea": 3.0,
        "Paraguay": 2.5,
        "Peru": 2.75,
        "Philippines": 4.55,
        "Poland": 2.06,
        "Portugal": 4.6,
        "Romania": 2.0,
        "Russia": 2.88,
        "Rwanda": 3.33,
        "Saudi Arabia": 1.32,
        "Senegal": 1.54,
        "Singapore": 2.5,
        "Slovakia": 2.0,
        "Somalia": 1.75,
        "South Africa": 2.61,
        "South Korea": 5.0,
        "Spain": 4.24,
        "Sudan": 2.4,
        "Sweden": 4.58,
        "Switzerland": 4.0,
        "Syria": 1.0,
        "Taiwan": 3.0,
        "Tanzania": 1.25,
        "Thailand": 3.77,
        "Togo": 2.33,
        "Trinidad and Tobago": 9.0,
        "Tunisia": 2.0,
        "Turkey": 2.51,
        "Turkmenistan": 1.0,
        "Uganda": 1.0,
        "Ukraine": 2.72,
        "United Kingdom": 3.67,
        "United States": 3.72,
        "Venezuela": 6.0,
        "Vietnam": 3.62,
        "Yemen": 1.5,
        "Zambia": 2.29,
        "Zimbabwe": 1.5
    },
    "country_sales": {
        "Afghanistan": 135.11,
        "Albania": 58.17,
        "Algeria": 78.32,
        "Angola": 114.59,
        "Argentina": 71.0,
        "Armenia": 42.06,
        "Australia": 164.38,
        "Austria": 194.5,
        "Azerbaijan": 47.24,
        "Bangladesh": 214.12,
        "Barbados": 69.87,
        "Belarus": 58.29,
        "Belgium": 184.1,
        "Bolivia": 220.56,
        "Bosnia and Herzegovina": 349.2,
        "Brazil": 126.88,
        "Bulgaria": 57.04,
        "Burkina Faso": 87.72,
        "Burundi": 133.86,
        "Cambodia": 372.71,
        "Cameroon": 282.81,
        "Canada": 53.9,
        "Chile": 72.06,
        "China": 172.69,
        "Colombia": 157.29,
        "Cote d'Ivoire": 65.93,
        "Croatia": 25.29,
        "Cuba": 141.47,
        "Czech Republic": 428.61,
        "C\u00f4te-d'Ivoire": 65.93,
        "Democratic Republic of the Congo": 114.68,
        "Denmark": 66.97,
        "Dominican Republic": 82.99,
        "Ecuador": 62.95,
        "Egypt": 97.99,
        "El Salvador": 134.85,
        "Estonia": 104.49,
        "Finland": 183.0,
        "France": 206.91,
        "Georgia": 69.33,
        "Germany": 165.4,
        "Ghana": 46.04,
        "Greece": 329.94,
        "Guatemala": 112.59,
        "Haiti": 39.96,
        "Honduras": 54.83,
        "Hong Kong": 56.97,
        "Hungary": 110.28,
        "India": 163.79,
        "Indonesia": 130.8,
        "Iran": 170.48,
        "Iraq": 57.81,
        "Ireland": 72.35,
        "Israel": 181.6,
        "Italy": 231.07,
        "Jamaica": 84.0,
        "Japan": 190.83,
        "Jordan": 302.08,
        "Kazakhstan": 35.86,
        "Kenya": 113.48,
        "Kyrgyzstan": 15.96,
        "Lebanon": 26.43,
        "Liberia": 100.02,
        "Libya": 63.36,
        "Lithuania": 47.8,
        "Madagascar": 99.72,
        "Malaysia": 220.15,
        "Mali": 67.44,
        "Martinique": 176.6,
        "Mexico": 76.91,
        "Moldova": 161.75,
        "Mongolia": 45.03,
        "Morocco": 130.73,
        "Mozambique": 155.3,
        "Myanmar (Burma)": 107.04,
        "Nepal": 58.17,
        "Netherlands": 157.29,
        "New Zealand": 106.94,
        "Nicaragua": 112.85,
        "Niger": 25.26,
        "Nigeria": 36.79,
        "Norway": 242.4,
        "Pakistan": 126.5,
        "Panama": 84.28,
        "Papua New Guinea": 117.07,
        "Paraguay": 123.28,
        "Peru": 61.48,
        "Philippines": 167.91,
        "Poland": 74.25,
        "Portugal": 106.54,
        "Romania": 164.68,
        "Russia": 147.38,
        "Rwanda": 120.22,
        "Saudi Arabia": 58.32,
        "Senegal": 45.69,
        "Singapore": 124.91,
        "Slovakia": 85.02,
        "Somalia": 80.29,
        "South Africa": 123.82,
        "South Korea": 165.74,
        "Spain": 231.39,
        "Sudan": 97.82,
        "Sweden": 61.28,
        "Switzerland": 208.76,
        "Syria": 48.93,
        "Taiwan": 153.39,
        "Tanzania": 38.24,
        "Thailand": 151.55,
        "Togo": 107.89,
        "Trinidad and Tobago": 311.4,
        "Tunisia": 50.58,
        "Turkey": 55.52,
        "Turkmenistan": 15.54,
        "Uganda": 14.66,
        "Ukraine": 164.28,
        "United Kingdom": 107.19,
        "United States": 96.41,
        "Venezuela": 104.53,
        "Vietnam": 111.02,
        "Yemen": 14.08,
        "Zambia": 121.21,
        "Zimbabwe": 12.42
    },
    "country_unit_price": {
        "Afghanistan": 57.9,
        "Albania": 58.17,
        "Algeria": 69.61,
        "Angola": 43.65,
        "Argentina": 19.08,
        "Armenia": 42.06,
        "Australia": 39.96,
        "Austria": 60.07,
        "Azerbaijan": 47.24,
        "Bangladesh": 52.52,
        "Barbados": 34.93,
        "Belarus": 38.86,
        "Belgium": 58.14,
        "Bolivia": 36.76,
        "Bosnia and Herzegovina": 43.65,
        "Brazil": 32.11,
        "Bulgaria": 38.03,
        "Burkina Faso": 43.86,
        "Burundi": 66.93,
        "Cambodia": 67.76,
        "Cameroon": 82.48,
        "Canada": 40.43,
        "Chile": 28.83,
        "China": 48.87,
        "Colombia": 37.75,
        "Cote d'Ivoire": 29.3,
        "Croatia": 25.29,
        "Cuba": 36.75,
        "Czech Republic": 79.37,
        "C\u00f4te-d'Ivoire": 29.3,
        "Democratic Republic of the Congo": 53.97,
        "Denmark": 16.74,
        "Dominican Republic": 18.55,
        "Ecuador": 20.98,
        "Egypt": 44.54,
        "El Salvador": 35.02,
        "Estonia": 26.12,
        "Finland": 49.91,
        "France": 55.55,
        "Georgia": 23.11,
        "Germany": 47.06,
        "Ghana": 46.04,
        "Greece": 109.98,
        "Guatemala": 31.42,
        "Haiti": 11.84,
        "Honduras": 17.81,
        "Hong Kong": 18.99,
        "Hungary": 55.14,
        "India": 48.12,
        "Indonesia": 33.57,
        "Iran": 68.66,
        "Iraq": 38.54,
        "Ireland": 19.73,
        "Israel": 77.83,
        "Italy": 59.17,
        "Jamaica": 24.0,
        "Japan": 41.26,
        "Jordan": 86.31,
        "Kazakhstan": 14.34,
        "Kenya": 37.83,
        "Kyrgyzstan": 15.96,
        "Lebanon": 26.43,
        "Liberia": 50.01,
        "Libya": 27.15,
        "Lithuania": 11.95,
        "Madagascar": 42.74,
        "Malaysia": 60.04,
        "Mali": 67.44,
        "Martinique": 35.32,
        "Mexico": 21.27,
        "Moldova": 44.11,
        "Mongolia": 45.03,
        "Morocco": 46.26,
        "Mozambique": 56.47,
        "Myanmar (Burma)": 22.94,
        "Nepal": 58.17,
        "Netherlands": 39.32,
        "New Zealand": 34.66,
        "Nicaragua": 32.1,
        "Niger": 25.26,
        "Nigeria": 15.1,
        "Norway": 48.48,
        "Pakistan": 34.13,
        "Panama": 21.29,
        "Papua New Guinea": 39.02,
        "Paraguay": 49.31,
        "Peru": 22.36,
        "Philippines": 36.91,
        "Poland": 36.0,
        "Portugal": 23.16,
        "Romania": 82.34,
        "Russia": 51.26,
        "Rwanda": 36.07,
        "Saudi Arabia": 44.32,
        "Senegal": 29.7,
        "Singapore": 49.96,
        "Slovakia": 42.51,
        "Somalia": 45.88,
        "South Africa": 47.46,
        "South Korea": 33.15,
        "Spain": 54.57,
        "Sudan": 40.76,
        "Sweden": 13.37,
        "Switzerland": 52.19,
        "Syria": 48.93,
        "Taiwan": 51.13,
        "Tanzania": 30.59,
        "Thailand": 40.17,
        "Togo": 46.24,
        "Trinidad and Tobago": 34.6,
        "Tunisia": 25.29,
        "Turkey": 22.14,
        "Turkmenistan": 15.54,
        "Uganda": 14.66,
        "Ukraine": 60.35,
        "United Kingdom": 29.19,
        "United States": 25.9,
        "Venezuela": 17.42,
        "Vietnam": 30.68,
        "Yemen": 9.38,
        "Zambia": 53.03,
        "Zimbabwe": 8.28
    },
    "country_profit": {
        "Afghanistan": 14.11,
        "Albania": 3.48,
        "Algeria": 14.69,
        "Angola": 6.39,
        "Argentina": -5.49,
        "Armenia": 21.03,
        "Australia": 5.46,
        "Austria": 17.51,
        "Azerbaijan": 8.41,
        "Bangladesh": 12.84,
        "Barbados": 7.94,
        "Belarus": 13.88,
        "Belgium": 16.06,
        "Bolivia": 17.64,
        "Bosnia and Herzegovina": 13.53,
        "Brazil": 5.34,
        "Bulgaria": 8.36,
        "Burkina Faso": 3.06,
        "Burundi": 25.77,
        "Cambodia": 13.36,
        "Cameroon": 26.31,
        "Canada": 5.69,
        "Chile": 4.39,
        "China": 13.32,
        "Colombia": 8.89,
        "Cote d'Ivoire": 10.01,
        "Croatia": 1.26,
        "Cuba": 7.85,
        "Czech Republic": 9.29,
        "C\u00f4te-d'Ivoire": 10.01,
        "Democratic Republic of the Congo": 8.76,
        "Denmark": -18.37,
        "Dominican Republic": -12.2,
        "Ecuador": 7.14,
        "Egypt": 9.92,
        "El Salvador": 7.45,
        "Estonia": 5.23,
        "Finland": 2.78,
        "France": 14.0,
        "Georgia": 7.09,
        "Germany": 11.05,
        "Ghana": 8.2,
        "Greece": 5.49,
        "Guatemala": 7.19,
        "Haiti": -22.86,
        "Honduras": -6.26,
        "Hong Kong": 1.68,
        "Hungary": 15.42,
        "India": 12.88,
        "Indonesia": 1.56,
        "Iran": 16.81,
        "Iraq": 9.65,
        "Ireland": -21.85,
        "Israel": 19.17,
        "Italy": 14.85,
        "Jamaica": 6.59,
        "Japan": 7.53,
        "Jordan": 13.81,
        "Kazakhstan": -17.1,
        "Kenya": 7.18,
        "Kyrgyzstan": 1.89,
        "Lebanon": 7.38,
        "Liberia": 0.48,
        "Libya": 9.67,
        "Lithuania": -21.85,
        "Madagascar": 16.05,
        "Malaysia": 12.72,
        "Mali": 24.74,
        "Martinique": 13.06,
        "Mexico": -5.66,
        "Moldova": 7.17,
        "Mongolia": 9.45,
        "Morocco": 12.64,
        "Mozambique": 12.0,
        "Myanmar (Burma)": -2.87,
        "Nepal": 15.69,
        "Netherlands": 1.18,
        "New Zealand": 4.2,
        "Nicaragua": 10.44,
        "Niger": 10.08,
        "Nigeria": -22.75,
        "Norway": 1.61,
        "Pakistan": 2.11,
        "Panama": -6.6,
        "Papua New Guinea": 13.16,
        "Paraguay": 17.02,
        "Peru": -7.7,
        "Philippines": 1.56,
        "Poland": 10.58,
        "Portugal": -13.53,
        "Romania": 14.65,
        "Russia": 13.83,
        "Rwanda": 2.75,
        "Saudi Arabia": 9.02,
        "Senegal": 6.55,
        "Singapore": 11.67,
        "Slovakia": 6.78,
        "Somalia": 4.74,
        "South Africa": 11.7,
        "South Korea": 2.13,
        "Spain": 14.04,
        "Sudan": 6.09,
        "Sweden": -13.21,
        "Switzerland": 6.67,
        "Syria": 4.38,
        "Taiwan": 22.3,
        "Tanzania": 8.66,
        "Thailand": -2.22,
        "Togo": 10.44,
        "Trinidad and Tobago": 7.94,
        "Tunisia": 1.26,
        "Turkey": -20.95,
        "Turkmenistan": -17.64,
        "Uganda": -17.62,
        "Ukraine": 13.36,
        "United Kingdom": -6.15,
        "United States": 3.68,
        "Venezuela": -2.79,
        "Vietnam": 3.2,
        "Yemen": -15.72,
        "Zambia": 12.57,
        "Zimbabwe": -14.1
    },
    "country_profit_margin": {
        "Afghanistan": 0.24,
        "Albania": 0.06,
        "Algeria": 0.21,
        "Angola": 0.15,
        "Argentina": -0.29,
        "Armenia": 0.5,
        "Australia": 0.14,
        "Austria": 0.29,
        "Azerbaijan": 0.18,
        "Bangladesh": 0.24,
        "Barbados": 0.23,
        "Belarus": 0.36,
        "Belgium": 0.28,
        "Bolivia": 0.48,
        "Bosnia and Herzegovina": 0.31,
        "Brazil": 0.17,
        "Bulgaria": 0.22,
        "Burkina Faso": 0.07,
        "Burundi": 0.39,
        "Cambodia": 0.2,
        "Cameroon": 0.32,
        "Canada": 0.14,
        "Chile": 0.15,
        "China": 0.27,
        "Colombia": 0.24,
        "Cote d'Ivoire": 0.34,
        "Croatia": 0.05,
        "Cuba": 0.21,
        "Czech Republic": 0.12,
        "C\u00f4te-d'Ivoire": 0.34,
        "Democratic Republic of the Congo": 0.16,
        "Denmark": -1.1,
        "Dominican Republic": -0.66,
        "Ecuador": 0.34,
        "Egypt": 0.22,
        "El Salvador": 0.21,
        "Estonia": 0.2,
        "Finland": 0.06,
        "France": 0.25,
        "Georgia": 0.31,
        "Germany": 0.23,
        "Ghana": 0.18,
        "Greece": 0.05,
        "Guatemala": 0.23,
        "Haiti": -1.93,
        "Honduras": -0.35,
        "Hong Kong": 0.09,
        "Hungary": 0.28,
        "India": 0.27,
        "Indonesia": 0.05,
        "Iran": 0.24,
        "Iraq": 0.25,
        "Ireland": -1.11,
        "Israel": 0.25,
        "Italy": 0.25,
        "Jamaica": 0.27,
        "Japan": 0.18,
        "Jordan": 0.16,
        "Kazakhstan": -1.19,
        "Kenya": 0.19,
        "Kyrgyzstan": 0.12,
        "Lebanon": 0.28,
        "Liberia": 0.01,
        "Libya": 0.36,
        "Lithuania": -1.83,
        "Madagascar": 0.38,
        "Malaysia": 0.21,
        "Mali": 0.37,
        "Martinique": 0.37,
        "Mexico": -0.27,
        "Moldova": 0.16,
        "Mongolia": 0.21,
        "Morocco": 0.27,
        "Mozambique": 0.21,
        "Myanmar (Burma)": -0.13,
        "Nepal": 0.27,
        "Netherlands": 0.03,
        "New Zealand": 0.12,
        "Nicaragua": 0.33,
        "Niger": 0.4,
        "Nigeria": -1.51,
        "Norway": 0.03,
        "Pakistan": 0.06,
        "Panama": -0.31,
        "Papua New Guinea": 0.34,
        "Paraguay": 0.35,
        "Peru": -0.34,
        "Philippines": 0.04,
        "Poland": 0.29,
        "Portugal": -0.58,
        "Romania": 0.18,
        "Russia": 0.27,
        "Rwanda": 0.08,
        "Saudi Arabia": 0.2,
        "Senegal": 0.22,
        "Singapore": 0.23,
        "Slovakia": 0.16,
        "Somalia": 0.1,
        "South Africa": 0.25,
        "South Korea": 0.06,
        "Spain": 0.26,
        "Sudan": 0.15,
        "Sweden": -0.99,
        "Switzerland": 0.13,
        "Syria": 0.09,
        "Taiwan": 0.44,
        "Tanzania": 0.28,
        "Thailand": -0.06,
        "Togo": 0.23,
        "Trinidad and Tobago": 0.23,
        "Tunisia": 0.05,
        "Turkey": -0.95,
        "Turkmenistan": -1.13,
        "Uganda": -1.2,
        "Ukraine": 0.22,
        "United Kingdom": -0.21,
        "United States": 0.14,
        "Venezuela": -0.16,
        "Vietnam": 0.1,
        "Yemen": -1.67,
        "Zambia": 0.24,
        "Zimbabwe": -1.7
    },
    "top_10_states": {
        "California": [
            379,
            0.06
        ],
        "New York": [
            199,
            0.03
        ],
        "Texas": [
            159,
            0.03
        ],
        "Pennsylvania": [
            127,
            0.02
        ],
        "England": [
            120,
            0.02
        ],
        "Illinois": [
            112,
            0.02
        ],
        "New South Wales": [
            106,
            0.02
        ],
        "Washington": [
            97,
            0.02
        ],
        "Florida": [
            93,
            0.01
        ],
        "Ohio": [
            92,
            0.01
        ]
    },
    "top_10_states_values": [
        379,
        199,
        159,
        127,
        120,
        112,
        106,
        97,
        93,
        92
    ],
    "top_10_cities": {
        "New York City": [
            155,
            0.02
        ],
        "Los Angeles": [
            126,
            0.02
        ],
        "Philadelphia": [
            113,
            0.02
        ],
        "San Francisco": [
            91,
            0.01
        ],
        "Seattle": [
            77,
            0.01
        ],
        "Chicago": [
            69,
            0.01
        ],
        "Houston": [
            66,
            0.01
        ],
        "Manila": [
            60,
            0.01
        ],
        "Columbus": [
            54,
            0.01
        ],
        "Santo Domingo": [
            46,
            0.01
        ]
    },
    "top_10_cities_values": [
        155,
        126,
        113,
        91,
        77,
        69,
        66,
        60,
        54,
        46
    ],
    "yearly_sales": {
        "2011": 63933.6284,
        "2012": 81804.4719,
        "2013": 111819.84520000001,
        "2014": 191845.7708,
        "2015": 81723.7439,
        "2016": 111725.3732,
        "2017": 127881.3904
    },
    "monthly_trend": {
        "April": {
            "2011": 5934.1395,
            "2012": 5120.103999999999,
            "2013": 4594.2402,
            "2014": 13892.1816,
            "2015": 5120.104,
            "2016": 4594.2402,
            "2017": 7952.6821
        },
        "August": {
            "2011": 4628.6252,
            "2012": 6979.0109999999995,
            "2013": 8877.9684,
            "2014": 15891.02,
            "2015": 6979.011,
            "2016": 8868.4164,
            "2017": 11303.6428
        },
        "December": {
            "2011": 7679.716600000001,
            "2012": 8175.9391000000005,
            "2013": 15543.8897,
            "2014": 23649.1583,
            "2015": 8146.7191,
            "2016": 15543.8897,
            "2017": 16527.9025
        },
        "February": {
            "2011": 3916.3240000000005,
            "2012": 4493.6556,
            "2013": 6139.5935,
            "2014": 9460.1948,
            "2015": 4493.6556,
            "2016": 6139.5935,
            "2017": 5128.5688
        },
        "January": {
            "2011": 2415.0860000000002,
            "2012": 5847.005,
            "2013": 4855.847000000001,
            "2014": 10349.3178,
            "2015": 5847.005,
            "2016": 4855.847,
            "2017": 7934.2318
        },
        "July": {
            "2011": 3086.6412,
            "2012": 5539.5508,
            "2013": 7196.0375,
            "2014": 12633.8014,
            "2015": 5539.5508,
            "2016": 7186.4855,
            "2017": 9501.3202
        },
        "June": {
            "2011": 5112.02,
            "2012": 10290.957,
            "2013": 12753.262200000001,
            "2014": 16278.5026,
            "2015": 10290.957,
            "2016": 12741.5742,
            "2017": 11128.2466
        },
        "March": {
            "2011": 3730.567,
            "2012": 4558.5425000000005,
            "2013": 5699.0598,
            "2014": 10885.9321,
            "2015": 4558.5425,
            "2016": 5699.0598,
            "2017": 7550.5551000000005
        },
        "May": {
            "2011": 3556.2156,
            "2012": 5500.252,
            "2013": 7825.395,
            "2014": 11006.644400000001,
            "2015": 5477.964,
            "2016": 7761.715,
            "2017": 7428.2288
        },
        "November": {
            "2011": 7497.8395,
            "2012": 12873.5316,
            "2013": 14375.3863,
            "2014": 26146.4195,
            "2015": 12844.311599999999,
            "2016": 14375.3863,
            "2017": 18162.3512
        },
        "October": {
            "2011": 6577.5034,
            "2012": 4334.1584,
            "2013": 9734.793000000001,
            "2014": 16635.6329,
            "2015": 4334.1584,
            "2016": 9734.793,
            "2017": 9957.7455
        },
        "September": {
            "2011": 9798.9504,
            "2012": 8091.7649,
            "2013": 14224.3726,
            "2014": 25016.9654,
            "2015": 8091.7649,
            "2016": 14224.3726,
            "2017": 15305.915
        }
    },
    "shipping_delay_stats": {
        "mean": 4.0,
        "median": 4.0,
        "max": 7
    },
    "top_10_products_by_sales": {
        "Rubbermaid Frame, Duo Pack": 19666.390000000003,
        "Eldon Frame, Durable": 14249.8688,
        "Deflect-O Frame, Erganomic": 14212.728,
        "Deflect-O Frame, Durable": 13490.820000000002,
        "Deflect-O Frame, Black": 13479.9,
        "Rubbermaid Frame, Erganomic": 13285.9644,
        "Advantus Frame, Durable": 12671.575,
        "Rubbermaid Frame, Durable": 11282.9112,
        "Eldon Frame, Duo Pack": 11037.819,
        "Advantus Frame, Erganomic": 10832.8012
    },
    "top_10_products_by_profit": {
        "Deflect-O Frame, Durable": 4406.34,
        "Deflect-O Frame, Black": 3052.7,
        "Eldon Frame, Durable": 2928.7688,
        "Advantus Frame, Erganomic": 2805.2012,
        "GE 48\" Fluorescent Tube, Cool White Energy Saver, 34 Watts, 30/Box": 2520.442,
        "Rubbermaid Frame, Erganomic": 2483.5044,
        "Rubbermaid Clock, Erganomic": 2243.3076,
        "Advantus Photo Frame, Erganomic": 2014.08,
        "Tenex Frame, Erganomic": 1974.672,
        "Advantus Frame, Duo Pack": 1832.5415999999998
    },
    "top_10_products_by_turnover": {
        "Tenex Stacking Tray, Erganomic": 284,
        "Rubbermaid Stacking Tray, Erganomic": 282,
        "Advantus Stacking Tray, Erganomic": 262,
        "Deflect-O Stacking Tray, Erganomic": 230,
        "Advantus Door Stop, Erganomic": 208,
        "Deflect-O Clock, Black": 204,
        "Rubbermaid Frame, Duo Pack": 204,
        "Rubbermaid Light Bulb, Erganomic": 196,
        "Advantus Photo Frame, Black": 192,
        "Rubbermaid Light Bulb, Durable": 182
    },
    "top_5_loss_products": {
        "Deflect-O Clock, Black": -1893.8946,
        "Deflect-O Frame, Erganomic": -1799.7359999999999,
        "Advantus Frame, Durable": -1647.855,
        "Rubbermaid Frame, Duo Pack": -1511.0100000000002,
        "Advantus Frame, Black": -1460.3519999999999
    },
    "product_performance": [
        {
            "Product Name": "Rubbermaid Frame, Duo Pack",
            "total_sales": 19666.390000000003,
            "total_quantity": 204,
            "average_price": 393.3278000000001,
            "total_profit": 1521.07,
            "profit_margin": 0.07734363042734328
        },
        {
            "Product Name": "Eldon Frame, Durable",
            "total_sales": 14249.8688,
            "total_quantity": 160,
            "average_price": 339.2825904761905,
            "total_profit": 2928.7688,
            "profit_margin": 0.20552952740168384
        },
        {
            "Product Name": "Deflect-O Frame, Erganomic",
            "total_sales": 14212.728,
            "total_quantity": 168,
            "average_price": 296.0985,
            "total_profit": -674.0519999999999,
            "profit_margin": -0.047425941029758674
        },
        {
            "Product Name": "Deflect-O Frame, Durable",
            "total_sales": 13490.820000000002,
            "total_quantity": 154,
            "average_price": 293.27869565217395,
            "total_profit": 4406.34,
            "profit_margin": 0.32661765556133726
        },
        {
            "Product Name": "Deflect-O Frame, Black",
            "total_sales": 13479.9,
            "total_quantity": 170,
            "average_price": 336.9975,
            "total_profit": 3052.7,
            "profit_margin": 0.22646310432569974
        },
        {
            "Product Name": "Rubbermaid Frame, Erganomic",
            "total_sales": 13285.9644,
            "total_quantity": 158,
            "average_price": 316.3324857142857,
            "total_profit": 2483.5044,
            "profit_margin": 0.1869269196596673
        },
        {
            "Product Name": "Advantus Frame, Durable",
            "total_sales": 12671.575,
            "total_quantity": 154,
            "average_price": 287.99034090909095,
            "total_profit": -411.5250000000001,
            "profit_margin": -0.03247623124986437
        },
        {
            "Product Name": "Rubbermaid Frame, Durable",
            "total_sales": 11282.9112,
            "total_quantity": 136,
            "average_price": 256.4298,
            "total_profit": 228.49119999999982,
            "profit_margin": 0.02025108555316821
        },
        {
            "Product Name": "Eldon Frame, Duo Pack",
            "total_sales": 11037.819,
            "total_quantity": 130,
            "average_price": 290.4689210526316,
            "total_profit": 1471.059,
            "profit_margin": 0.13327442676854911
        },
        {
            "Product Name": "Advantus Frame, Erganomic",
            "total_sales": 10832.8012,
            "total_quantity": 130,
            "average_price": 270.82003,
            "total_profit": 2805.2012,
            "profit_margin": 0.2589543690693779
        },
        {
            "Product Name": "Tenex Frame, Erganomic",
            "total_sales": 10120.072,
            "total_quantity": 124,
            "average_price": 230.00163636363638,
            "total_profit": 1974.672,
            "profit_margin": 0.1951243034634536
        },
        {
            "Product Name": "Tenex Frame, Duo Pack",
            "total_sales": 10037.1152,
            "total_quantity": 128,
            "average_price": 278.80875555555554,
            "total_profit": -121.50479999999986,
            "profit_margin": -0.012105550009030469
        },
        {
            "Product Name": "Advantus Frame, Black",
            "total_sales": 9763.744,
            "total_quantity": 134,
            "average_price": 271.2151111111111,
            "total_profit": -617.5159999999998,
            "profit_margin": -0.06324582045575958
        },
        {
            "Product Name": "Deflect-O Frame, Duo Pack",
            "total_sales": 9759.264,
            "total_quantity": 118,
            "average_price": 271.09066666666666,
            "total_profit": -1054.6560000000002,
            "profit_margin": -0.10806716572069372
        },
        {
            "Product Name": "Tenex Frame, Black",
            "total_sales": 9304.307999999999,
            "total_quantity": 106,
            "average_price": 273.6561176470588,
            "total_profit": 741.088,
            "profit_margin": 0.07964998579152797
        },
        {
            "Product Name": "Advantus Frame, Duo Pack",
            "total_sales": 8907.741600000001,
            "total_quantity": 110,
            "average_price": 296.92472000000004,
            "total_profit": 1832.5415999999998,
            "profit_margin": 0.2057246025187798
        },
        {
            "Product Name": "Eldon Frame, Erganomic",
            "total_sales": 8699.488,
            "total_quantity": 112,
            "average_price": 434.97439999999995,
            "total_profit": -621.5719999999999,
            "profit_margin": -0.07144926230141359
        },
        {
            "Product Name": "Tenex Frame, Durable",
            "total_sales": 8608.5978,
            "total_quantity": 104,
            "average_price": 430.42989,
            "total_profit": 1042.2977999999998,
            "profit_margin": 0.12107637320447238
        },
        {
            "Product Name": "Rubbermaid Frame, Black",
            "total_sales": 8139.186000000001,
            "total_quantity": 108,
            "average_price": 271.30620000000005,
            "total_profit": 588.9060000000001,
            "profit_margin": 0.07235440988816326
        },
        {
            "Product Name": "Luxo Professional Fluorescent Magnifier Lamp with Clamp-Mount Base",
            "total_sales": 7722.112,
            "total_quantity": 46,
            "average_price": 772.2112,
            "total_profit": 579.1584,
            "profit_margin": 0.075
        }
    ],
    "most_ordered_products_by_date": [
        {
            "Year_Month": "2011-03",
            "Product Name": "Deflect-O Frame, Black",
            "total_sales": 220.08,
            "total_quantity": 5
        },
        {
            "Year_Month": "2011-03",
            "Product Name": "Eldon Frame, Durable",
            "total_sales": 113.28000000000002,
            "total_quantity": 1
        },
        {
            "Year_Month": "2011-03",
            "Product Name": "Rubbermaid Frame, Duo Pack",
            "total_sales": 769.6500000000001,
            "total_quantity": 7
        },
        {
            "Year_Month": "2011-04",
            "Product Name": "Deflect-O Frame, Black",
            "total_sales": 401.646,
            "total_quantity": 5
        },
        {
            "Year_Month": "2011-04",
            "Product Name": "Deflect-O Frame, Durable",
            "total_sales": 192.72600000000008,
            "total_quantity": 2
        },
        {
            "Year_Month": "2011-04",
            "Product Name": "Deflect-O Frame, Erganomic",
            "total_sales": 880.146,
            "total_quantity": 9
        },
        {
            "Year_Month": "2011-04",
            "Product Name": "Eldon Frame, Durable",
            "total_sales": 453.12000000000006,
            "total_quantity": 4
        },
        {
            "Year_Month": "2011-04",
            "Product Name": "Rubbermaid Frame, Duo Pack",
            "total_sales": 109.95000000000002,
            "total_quantity": 1
        },
        {
            "Year_Month": "2011-05",
            "Product Name": "Eldon Frame, Durable",
            "total_sales": 169.92000000000002,
            "total_quantity": 3
        },
        {
            "Year_Month": "2011-06",
            "Product Name": "Deflect-O Frame, Durable",
            "total_sales": 64.24200000000002,
            "total_quantity": 2
        },
        {
            "Year_Month": "2011-06",
            "Product Name": "Deflect-O Frame, Erganomic",
            "total_sales": 325.98,
            "total_quantity": 9
        },
        {
            "Year_Month": "2011-06",
            "Product Name": "Rubbermaid Frame, Duo Pack",
            "total_sales": 219.90000000000003,
            "total_quantity": 2
        },
        {
            "Year_Month": "2011-07",
            "Product Name": "Deflect-O Frame, Black",
            "total_sales": 132.048,
            "total_quantity": 3
        },
        {
            "Year_Month": "2011-07",
            "Product Name": "Deflect-O Frame, Erganomic",
            "total_sales": 108.66,
            "total_quantity": 1
        },
        {
            "Year_Month": "2011-09",
            "Product Name": "Rubbermaid Frame, Duo Pack",
            "total_sales": 109.95000000000002,
            "total_quantity": 1
        },
        {
            "Year_Month": "2011-10",
            "Product Name": "Eldon Frame, Durable",
            "total_sales": 82.69440000000002,
            "total_quantity": 1
        },
        {
            "Year_Month": "2011-10",
            "Product Name": "Rubbermaid Frame, Duo Pack",
            "total_sales": 879.6000000000001,
            "total_quantity": 8
        },
        {
            "Year_Month": "2011-11",
            "Product Name": "Rubbermaid Frame, Duo Pack",
            "total_sales": 109.95000000000002,
            "total_quantity": 1
        },
        {
            "Year_Month": "2011-12",
            "Product Name": "Deflect-O Frame, Black",
            "total_sales": 220.08,
            "total_quantity": 3
        },
        {
            "Year_Month": "2012-01",
            "Product Name": "Rubbermaid Frame, Duo Pack",
            "total_sales": 131.94000000000003,
            "total_quantity": 2
        },
        {
            "Year_Month": "2012-03",
            "Product Name": "Deflect-O Frame, Erganomic",
            "total_sales": 521.568,
            "total_quantity": 9
        },
        {
            "Year_Month": "2012-03",
            "Product Name": "Eldon Frame, Durable",
            "total_sales": 226.56000000000003,
            "total_quantity": 3
        },
        {
            "Year_Month": "2012-04",
            "Product Name": "Deflect-O Frame, Durable",
            "total_sales": 963.6300000000001,
            "total_quantity": 11
        },
        {
            "Year_Month": "2012-05",
            "Product Name": "Rubbermaid Frame, Duo Pack",
            "total_sales": 989.5500000000002,
            "total_quantity": 9
        },
        {
            "Year_Month": "2012-06",
            "Product Name": "Deflect-O Frame, Black",
            "total_sales": 293.44,
            "total_quantity": 4
        },
        {
            "Year_Month": "2012-06",
            "Product Name": "Rubbermaid Frame, Duo Pack",
            "total_sales": 615.7200000000001,
            "total_quantity": 8
        },
        {
            "Year_Month": "2012-07",
            "Product Name": "Deflect-O Frame, Erganomic",
            "total_sales": 108.66,
            "total_quantity": 1
        },
        {
            "Year_Month": "2012-07",
            "Product Name": "Eldon Frame, Durable",
            "total_sales": 906.24,
            "total_quantity": 8
        },
        {
            "Year_Month": "2012-09",
            "Product Name": "Deflect-O Frame, Durable",
            "total_sales": 71.38,
            "total_quantity": 2
        },
        {
            "Year_Month": "2012-11",
            "Product Name": "Deflect-O Frame, Durable",
            "total_sales": 149.89800000000002,
            "total_quantity": 2
        },
        {
            "Year_Month": "2012-11",
            "Product Name": "Deflect-O Frame, Erganomic",
            "total_sales": 695.424,
            "total_quantity": 7
        },
        {
            "Year_Month": "2012-12",
            "Product Name": "Deflect-O Frame, Black",
            "total_sales": 880.3199999999999,
            "total_quantity": 8
        },
        {
            "Year_Month": "2012-12",
            "Product Name": "Deflect-O Frame, Erganomic",
            "total_sales": 293.382,
            "total_quantity": 3
        },
        {
            "Year_Month": "2012-12",
            "Product Name": "Rubbermaid Frame, Duo Pack",
            "total_sales": 175.92000000000004,
            "total_quantity": 4
        },
        {
            "Year_Month": "2013-01",
            "Product Name": "Deflect-O Frame, Black",
            "total_sales": 88.03200000000001,
            "total_quantity": 2
        },
        {
            "Year_Month": "2013-01",
            "Product Name": "Deflect-O Frame, Durable",
            "total_sales": 278.382,
            "total_quantity": 5
        },
        {
            "Year_Month": "2013-01",
            "Product Name": "Deflect-O Frame, Erganomic",
            "total_sales": 434.64,
            "total_quantity": 4
        },
        {
            "Year_Month": "2013-02",
            "Product Name": "Deflect-O Frame, Durable",
            "total_sales": 749.4900000000001,
            "total_quantity": 7
        },
        {
            "Year_Month": "2013-02",
            "Product Name": "Eldon Frame, Durable",
            "total_sales": 203.904,
            "total_quantity": 2
        },
        {
            "Year_Month": "2013-03",
            "Product Name": "Deflect-O Frame, Black",
            "total_sales": 88.03200000000001,
            "total_quantity": 2
        },
        {
            "Year_Month": "2013-03",
            "Product Name": "Deflect-O Frame, Durable",
            "total_sales": 128.48399999999998,
            "total_quantity": 3
        },
        {
            "Year_Month": "2013-03",
            "Product Name": "Deflect-O Frame, Erganomic",
            "total_sales": 86.928,
            "total_quantity": 2
        },
        {
            "Year_Month": "2013-03",
            "Product Name": "Eldon Frame, Durable",
            "total_sales": 181.248,
            "total_quantity": 4
        },
        {
            "Year_Month": "2013-05",
            "Product Name": "Deflect-O Frame, Durable",
            "total_sales": 214.14000000000004,
            "total_quantity": 2
        },
        {
            "Year_Month": "2013-06",
            "Product Name": "Deflect-O Frame, Black",
            "total_sales": 451.164,
            "total_quantity": 6
        },
        {
            "Year_Month": "2013-06",
            "Product Name": "Deflect-O Frame, Durable",
            "total_sales": 642.4200000000001,
            "total_quantity": 6
        },
        {
            "Year_Month": "2013-06",
            "Product Name": "Deflect-O Frame, Erganomic",
            "total_sales": 108.66,
            "total_quantity": 1
        },
        {
            "Year_Month": "2013-06",
            "Product Name": "Eldon Frame, Durable",
            "total_sales": 339.84000000000003,
            "total_quantity": 3
        },
        {
            "Year_Month": "2013-07",
            "Product Name": "Eldon Frame, Durable",
            "total_sales": 302.08000000000004,
            "total_quantity": 4
        },
        {
            "Year_Month": "2013-08",
            "Product Name": "Deflect-O Frame, Black",
            "total_sales": 330.12,
            "total_quantity": 3
        },
        {
            "Year_Month": "2013-08",
            "Product Name": "Deflect-O Frame, Durable",
            "total_sales": 174.881,
            "total_quantity": 3
        },
        {
            "Year_Month": "2013-09",
            "Product Name": "Deflect-O Frame, Black",
            "total_sales": 220.08,
            "total_quantity": 2
        },
        {
            "Year_Month": "2013-09",
            "Product Name": "Deflect-O Frame, Erganomic",
            "total_sales": 217.32,
            "total_quantity": 2
        },
        {
            "Year_Month": "2013-09",
            "Product Name": "Eldon Frame, Durable",
            "total_sales": 581.504,
            "total_quantity": 7
        },
        {
            "Year_Month": "2013-09",
            "Product Name": "Rubbermaid Frame, Duo Pack",
            "total_sales": 879.6000000000001,
            "total_quantity": 8
        },
        {
            "Year_Month": "2013-10",
            "Product Name": "Deflect-O Frame, Durable",
            "total_sales": 535.35,
            "total_quantity": 6
        },
        {
            "Year_Month": "2013-10",
            "Product Name": "Eldon Frame, Durable",
            "total_sales": 604.1600000000001,
            "total_quantity": 8
        },
        {
            "Year_Month": "2013-11",
            "Product Name": "Deflect-O Frame, Erganomic",
            "total_sales": 1086.6,
            "total_quantity": 10
        },
        {
            "Year_Month": "2013-11",
            "Product Name": "Rubbermaid Frame, Duo Pack",
            "total_sales": 395.8200000000001,
            "total_quantity": 4
        },
        {
            "Year_Month": "2013-12",
            "Product Name": "Deflect-O Frame, Durable",
            "total_sales": 963.6300000000002,
            "total_quantity": 9
        },
        {
            "Year_Month": "2013-12",
            "Product Name": "Deflect-O Frame, Erganomic",
            "total_sales": 217.32,
            "total_quantity": 2
        },
        {
            "Year_Month": "2013-12",
            "Product Name": "Eldon Frame, Durable",
            "total_sales": 1019.52,
            "total_quantity": 9
        },
        {
            "Year_Month": "2014-02",
            "Product Name": "Deflect-O Frame, Black",
            "total_sales": 495.18,
            "total_quantity": 6
        },
        {
            "Year_Month": "2014-03",
            "Product Name": "Deflect-O Frame, Black",
            "total_sales": 220.08,
            "total_quantity": 5
        },
        {
            "Year_Month": "2014-03",
            "Product Name": "Eldon Frame, Durable",
            "total_sales": 566.4000000000001,
            "total_quantity": 5
        },
        {
            "Year_Month": "2014-03",
            "Product Name": "Rubbermaid Frame, Duo Pack",
            "total_sales": 1715.2200000000003,
            "total_quantity": 17
        },
        {
            "Year_Month": "2014-04",
            "Product Name": "Deflect-O Frame, Black",
            "total_sales": 1392.006,
            "total_quantity": 14
        },
        {
            "Year_Month": "2014-04",
            "Product Name": "Deflect-O Frame, Durable",
            "total_sales": 192.726,
            "total_quantity": 2
        },
        {
            "Year_Month": "2014-04",
            "Product Name": "Deflect-O Frame, Erganomic",
            "total_sales": 1532.106,
            "total_quantity": 15
        },
        {
            "Year_Month": "2014-04",
            "Product Name": "Eldon Frame, Durable",
            "total_sales": 453.12,
            "total_quantity": 4
        },
        {
            "Year_Month": "2014-04",
            "Product Name": "Rubbermaid Frame, Duo Pack",
            "total_sales": 109.95,
            "total_quantity": 1
        },
        {
            "Year_Month": "2014-05",
            "Product Name": "Deflect-O Frame, Erganomic",
            "total_sales": 86.928,
            "total_quantity": 2
        },
        {
            "Year_Month": "2014-05",
            "Product Name": "Eldon Frame, Durable",
            "total_sales": 849.6,
            "total_quantity": 12
        },
        {
            "Year_Month": "2014-05",
            "Product Name": "Rubbermaid Frame, Duo Pack",
            "total_sales": 109.95000000000002,
            "total_quantity": 1
        },
        {
            "Year_Month": "2014-06",
            "Product Name": "Deflect-O Frame, Durable",
            "total_sales": 64.242,
            "total_quantity": 2
        },
        {
            "Year_Month": "2014-06",
            "Product Name": "Deflect-O Frame, Erganomic",
            "total_sales": 325.98,
            "total_quantity": 9
        },
        {
            "Year_Month": "2014-06",
            "Product Name": "Eldon Frame, Durable",
            "total_sales": 717.44,
            "total_quantity": 8
        },
        {
            "Year_Month": "2014-06",
            "Product Name": "Rubbermaid Frame, Duo Pack",
            "total_sales": 366.5,
            "total_quantity": 4
        },
        {
            "Year_Month": "2014-07",
            "Product Name": "Deflect-O Frame, Black",
            "total_sales": 828.968,
            "total_quantity": 10
        },
        {
            "Year_Month": "2014-07",
            "Product Name": "Deflect-O Frame, Erganomic",
            "total_sales": 325.98,
            "total_quantity": 3
        },
        {
            "Year_Month": "2014-07",
            "Product Name": "Rubbermaid Frame, Duo Pack",
            "total_sales": 219.90000000000003,
            "total_quantity": 2
        },
        {
            "Year_Month": "2014-08",
            "Product Name": "Deflect-O Frame, Black",
            "total_sales": 99.036,
            "total_quantity": 1
        },
        {
            "Year_Month": "2014-08",
            "Product Name": "Deflect-O Frame, Durable",
            "total_sales": 214.14000000000004,
            "total_quantity": 2
        },
        {
            "Year_Month": "2014-08",
            "Product Name": "Deflect-O Frame, Erganomic",
            "total_sales": 86.928,
            "total_quantity": 2
        },
        {
            "Year_Month": "2014-08",
            "Product Name": "Eldon Frame, Durable",
            "total_sales": 90.624,
            "total_quantity": 2
        },
        {
            "Year_Month": "2014-08",
            "Product Name": "Rubbermaid Frame, Duo Pack",
            "total_sales": 1143.4800000000002,
            "total_quantity": 11
        },
        {
            "Year_Month": "2014-09",
            "Product Name": "Deflect-O Frame, Durable",
            "total_sales": 856.5600000000002,
            "total_quantity": 8
        },
        {
            "Year_Month": "2014-09",
            "Product Name": "Rubbermaid Frame, Duo Pack",
            "total_sales": 769.6500000000001,
            "total_quantity": 7
        },
        {
            "Year_Month": "2014-10",
            "Product Name": "Deflect-O Frame, Black",
            "total_sales": 484.176,
            "total_quantity": 11
        },
        {
            "Year_Month": "2014-10",
            "Product Name": "Eldon Frame, Durable",
            "total_sales": 82.6944,
            "total_quantity": 1
        },
        {
            "Year_Month": "2014-10",
            "Product Name": "Rubbermaid Frame, Duo Pack",
            "total_sales": 879.6,
            "total_quantity": 8
        },
        {
            "Year_Month": "2014-11",
            "Product Name": "Deflect-O Frame, Black",
            "total_sales": 220.08,
            "total_quantity": 3
        },
        {
            "Year_Month": "2014-11",
            "Product Name": "Deflect-O Frame, Erganomic",
            "total_sales": 217.32,
            "total_quantity": 5
        },
        {
            "Year_Month": "2014-11",
            "Product Name": "Rubbermaid Frame, Duo Pack",
            "total_sales": 1330.3950000000002,
            "total_quantity": 16
        },
        {
            "Year_Month": "2014-12",
            "Product Name": "Deflect-O Frame, Black",
            "total_sales": 649.236,
            "total_quantity": 8
        },
        {
            "Year_Month": "2014-12",
            "Product Name": "Deflect-O Frame, Durable",
            "total_sales": 546.0570000000002,
            "total_quantity": 7
        },
        {
            "Year_Month": "2014-12",
            "Product Name": "Deflect-O Frame, Erganomic",
            "total_sales": 760.62,
            "total_quantity": 7
        },
        {
            "Year_Month": "2015-01",
            "Product Name": "Rubbermaid Frame, Duo Pack",
            "total_sales": 131.94,
            "total_quantity": 2
        },
        {
            "Year_Month": "2015-03",
            "Product Name": "Deflect-O Frame, Erganomic",
            "total_sales": 521.568,
            "total_quantity": 9
        },
        {
            "Year_Month": "2015-03",
            "Product Name": "Eldon Frame, Durable",
            "total_sales": 226.56,
            "total_quantity": 3
        },
        {
            "Year_Month": "2015-04",
            "Product Name": "Deflect-O Frame, Durable",
            "total_sales": 963.63,
            "total_quantity": 11
        },
        {
            "Year_Month": "2015-05",
            "Product Name": "Rubbermaid Frame, Duo Pack",
            "total_sales": 989.55,
            "total_quantity": 9
        },
        {
            "Year_Month": "2015-06",
            "Product Name": "Deflect-O Frame, Black",
            "total_sales": 293.44,
            "total_quantity": 4
        },
        {
            "Year_Month": "2015-06",
            "Product Name": "Rubbermaid Frame, Duo Pack",
            "total_sales": 615.72,
            "total_quantity": 8
        },
        {
            "Year_Month": "2015-07",
            "Product Name": "Deflect-O Frame, Erganomic",
            "total_sales": 108.66,
            "total_quantity": 1
        },
        {
            "Year_Month": "2015-07",
            "Product Name": "Eldon Frame, Durable",
            "total_sales": 906.24,
            "total_quantity": 8
        },
        {
            "Year_Month": "2015-09",
            "Product Name": "Deflect-O Frame, Durable",
            "total_sales": 71.38,
            "total_quantity": 2
        },
        {
            "Year_Month": "2015-11",
            "Product Name": "Deflect-O Frame, Durable",
            "total_sales": 149.898,
            "total_quantity": 2
        },
        {
            "Year_Month": "2015-11",
            "Product Name": "Deflect-O Frame, Erganomic",
            "total_sales": 695.424,
            "total_quantity": 7
        },
        {
            "Year_Month": "2015-12",
            "Product Name": "Deflect-O Frame, Black",
            "total_sales": 880.32,
            "total_quantity": 8
        },
        {
            "Year_Month": "2015-12",
            "Product Name": "Deflect-O Frame, Erganomic",
            "total_sales": 293.382,
            "total_quantity": 3
        },
        {
            "Year_Month": "2015-12",
            "Product Name": "Rubbermaid Frame, Duo Pack",
            "total_sales": 175.92,
            "total_quantity": 4
        },
        {
            "Year_Month": "2016-01",
            "Product Name": "Deflect-O Frame, Black",
            "total_sales": 88.032,
            "total_quantity": 2
        },
        {
            "Year_Month": "2016-01",
            "Product Name": "Deflect-O Frame, Durable",
            "total_sales": 278.382,
            "total_quantity": 5
        },
        {
            "Year_Month": "2016-01",
            "Product Name": "Deflect-O Frame, Erganomic",
            "total_sales": 434.64,
            "total_quantity": 4
        },
        {
            "Year_Month": "2016-02",
            "Product Name": "Deflect-O Frame, Durable",
            "total_sales": 749.49,
            "total_quantity": 7
        },
        {
            "Year_Month": "2016-02",
            "Product Name": "Eldon Frame, Durable",
            "total_sales": 203.904,
            "total_quantity": 2
        },
        {
            "Year_Month": "2016-03",
            "Product Name": "Deflect-O Frame, Black",
            "total_sales": 88.032,
            "total_quantity": 2
        },
        {
            "Year_Month": "2016-03",
            "Product Name": "Deflect-O Frame, Durable",
            "total_sales": 128.484,
            "total_quantity": 3
        },
        {
            "Year_Month": "2016-03",
            "Product Name": "Deflect-O Frame, Erganomic",
            "total_sales": 86.928,
            "total_quantity": 2
        },
        {
            "Year_Month": "2016-03",
            "Product Name": "Eldon Frame, Durable",
            "total_sales": 181.248,
            "total_quantity": 4
        },
        {
            "Year_Month": "2016-05",
            "Product Name": "Deflect-O Frame, Durable",
            "total_sales": 214.14,
            "total_quantity": 2
        },
        {
            "Year_Month": "2016-06",
            "Product Name": "Deflect-O Frame, Black",
            "total_sales": 451.164,
            "total_quantity": 6
        },
        {
            "Year_Month": "2016-06",
            "Product Name": "Deflect-O Frame, Durable",
            "total_sales": 642.42,
            "total_quantity": 6
        },
        {
            "Year_Month": "2016-06",
            "Product Name": "Deflect-O Frame, Erganomic",
            "total_sales": 108.66,
            "total_quantity": 1
        },
        {
            "Year_Month": "2016-06",
            "Product Name": "Eldon Frame, Durable",
            "total_sales": 339.84,
            "total_quantity": 3
        },
        {
            "Year_Month": "2016-07",
            "Product Name": "Eldon Frame, Durable",
            "total_sales": 302.08,
            "total_quantity": 4
        },
        {
            "Year_Month": "2016-08",
            "Product Name": "Deflect-O Frame, Black",
            "total_sales": 330.12,
            "total_quantity": 3
        },
        {
            "Year_Month": "2016-08",
            "Product Name": "Deflect-O Frame, Durable",
            "total_sales": 174.881,
            "total_quantity": 3
        },
        {
            "Year_Month": "2016-09",
            "Product Name": "Deflect-O Frame, Black",
            "total_sales": 220.08,
            "total_quantity": 2
        },
        {
            "Year_Month": "2016-09",
            "Product Name": "Deflect-O Frame, Erganomic",
            "total_sales": 217.32,
            "total_quantity": 2
        },
        {
            "Year_Month": "2016-09",
            "Product Name": "Eldon Frame, Durable",
            "total_sales": 581.5039999999999,
            "total_quantity": 7
        },
        {
            "Year_Month": "2016-09",
            "Product Name": "Rubbermaid Frame, Duo Pack",
            "total_sales": 879.6,
            "total_quantity": 8
        },
        {
            "Year_Month": "2016-10",
            "Product Name": "Deflect-O Frame, Durable",
            "total_sales": 535.3499999999999,
            "total_quantity": 6
        },
        {
            "Year_Month": "2016-10",
            "Product Name": "Eldon Frame, Durable",
            "total_sales": 604.16,
            "total_quantity": 8
        },
        {
            "Year_Month": "2016-11",
            "Product Name": "Deflect-O Frame, Erganomic",
            "total_sales": 1086.6,
            "total_quantity": 10
        },
        {
            "Year_Month": "2016-11",
            "Product Name": "Rubbermaid Frame, Duo Pack",
            "total_sales": 395.82,
            "total_quantity": 4
        },
        {
            "Year_Month": "2016-12",
            "Product Name": "Deflect-O Frame, Durable",
            "total_sales": 963.63,
            "total_quantity": 9
        },
        {
            "Year_Month": "2016-12",
            "Product Name": "Deflect-O Frame, Erganomic",
            "total_sales": 217.32,
            "total_quantity": 2
        },
        {
            "Year_Month": "2016-12",
            "Product Name": "Eldon Frame, Durable",
            "total_sales": 1019.52,
            "total_quantity": 9
        },
        {
            "Year_Month": "2017-02",
            "Product Name": "Deflect-O Frame, Black",
            "total_sales": 495.18,
            "total_quantity": 6
        },
        {
            "Year_Month": "2017-03",
            "Product Name": "Eldon Frame, Durable",
            "total_sales": 453.12,
            "total_quantity": 4
        },
        {
            "Year_Month": "2017-03",
            "Product Name": "Rubbermaid Frame, Duo Pack",
            "total_sales": 945.57,
            "total_quantity": 10
        },
        {
            "Year_Month": "2017-04",
            "Product Name": "Deflect-O Frame, Black",
            "total_sales": 990.36,
            "total_quantity": 9
        },
        {
            "Year_Month": "2017-04",
            "Product Name": "Deflect-O Frame, Erganomic",
            "total_sales": 651.96,
            "total_quantity": 6
        },
        {
            "Year_Month": "2017-05",
            "Product Name": "Deflect-O Frame, Erganomic",
            "total_sales": 86.928,
            "total_quantity": 2
        },
        {
            "Year_Month": "2017-05",
            "Product Name": "Eldon Frame, Durable",
            "total_sales": 679.68,
            "total_quantity": 9
        },
        {
            "Year_Month": "2017-05",
            "Product Name": "Rubbermaid Frame, Duo Pack",
            "total_sales": 109.95,
            "total_quantity": 1
        },
        {
            "Year_Month": "2017-06",
            "Product Name": "Eldon Frame, Durable",
            "total_sales": 717.44,
            "total_quantity": 8
        },
        {
            "Year_Month": "2017-06",
            "Product Name": "Rubbermaid Frame, Duo Pack",
            "total_sales": 146.6,
            "total_quantity": 2
        },
        {
            "Year_Month": "2017-07",
            "Product Name": "Deflect-O Frame, Black",
            "total_sales": 696.9200000000001,
            "total_quantity": 7
        },
        {
            "Year_Month": "2017-07",
            "Product Name": "Deflect-O Frame, Erganomic",
            "total_sales": 217.32,
            "total_quantity": 2
        },
        {
            "Year_Month": "2017-07",
            "Product Name": "Rubbermaid Frame, Duo Pack",
            "total_sales": 219.9,
            "total_quantity": 2
        },
        {
            "Year_Month": "2017-08",
            "Product Name": "Deflect-O Frame, Black",
            "total_sales": 99.036,
            "total_quantity": 1
        },
        {
            "Year_Month": "2017-08",
            "Product Name": "Deflect-O Frame, Durable",
            "total_sales": 214.14,
            "total_quantity": 2
        },
        {
            "Year_Month": "2017-08",
            "Product Name": "Deflect-O Frame, Erganomic",
            "total_sales": 86.928,
            "total_quantity": 2
        },
        {
            "Year_Month": "2017-08",
            "Product Name": "Eldon Frame, Durable",
            "total_sales": 90.624,
            "total_quantity": 2
        },
        {
            "Year_Month": "2017-08",
            "Product Name": "Rubbermaid Frame, Duo Pack",
            "total_sales": 1143.48,
            "total_quantity": 11
        },
        {
            "Year_Month": "2017-09",
            "Product Name": "Deflect-O Frame, Durable",
            "total_sales": 856.56,
            "total_quantity": 8
        },
        {
            "Year_Month": "2017-09",
            "Product Name": "Rubbermaid Frame, Duo Pack",
            "total_sales": 659.7,
            "total_quantity": 6
        },
        {
            "Year_Month": "2017-10",
            "Product Name": "Deflect-O Frame, Black",
            "total_sales": 484.176,
            "total_quantity": 11
        },
        {
            "Year_Month": "2017-11",
            "Product Name": "Deflect-O Frame, Erganomic",
            "total_sales": 217.32,
            "total_quantity": 5
        },
        {
            "Year_Month": "2017-11",
            "Product Name": "Rubbermaid Frame, Duo Pack",
            "total_sales": 1220.445,
            "total_quantity": 15
        },
        {
            "Year_Month": "2017-12",
            "Product Name": "Deflect-O Frame, Black",
            "total_sales": 649.236,
            "total_quantity": 8
        },
        {
            "Year_Month": "2017-12",
            "Product Name": "Deflect-O Frame, Durable",
            "total_sales": 546.057,
            "total_quantity": 7
        },
        {
            "Year_Month": "2017-12",
            "Product Name": "Deflect-O Frame, Erganomic",
            "total_sales": 760.62,
            "total_quantity": 7
        }
    ],
    "most_frequent_order_month": [
        {
            "Order Month": "2014-12",
            "Order Count": 230
        },
        {
            "Order Month": "2014-11",
            "Order Count": 207
        },
        {
            "Order Month": "2014-09",
            "Order Count": 206
        },
        {
            "Order Month": "2014-06",
            "Order Count": 159
        },
        {
            "Order Month": "2017-12",
            "Order Count": 144
        },
        {
            "Order Month": "2017-11",
            "Order Count": 140
        },
        {
            "Order Month": "2014-08",
            "Order Count": 135
        },
        {
            "Order Month": "2014-10",
            "Order Count": 131
        },
        {
            "Order Month": "2017-09",
            "Order Count": 131
        },
        {
            "Order Month": "2014-05",
            "Order Count": 114
        },
        {
            "Order Month": "2014-07",
            "Order Count": 113
        },
        {
            "Order Month": "2016-12",
            "Order Count": 110
        },
        {
            "Order Month": "2013-12",
            "Order Count": 110
        },
        {
            "Order Month": "2014-04",
            "Order Count": 108
        },
        {
            "Order Month": "2013-09",
            "Order Count": 105
        },
        {
            "Order Month": "2016-09",
            "Order Count": 105
        },
        {
            "Order Month": "2012-11",
            "Order Count": 104
        },
        {
            "Order Month": "2015-11",
            "Order Count": 103
        },
        {
            "Order Month": "2017-06",
            "Order Count": 101
        },
        {
            "Order Month": "2013-11",
            "Order Count": 100
        }
    ],
    "time_series_analysis": [
        {
            "Order Date": "2011-01",
            "Sales": 2415.0860000000002,
            "Quantity": 76,
            "Sales_MA": NaN
        },
        {
            "Order Date": "2011-02",
            "Sales": 3916.3240000000005,
            "Quantity": 96,
            "Sales_MA": NaN
        },
        {
            "Order Date": "2011-03",
            "Sales": 3730.567,
            "Quantity": 106,
            "Sales_MA": 3353.9923333333336
        },
        {
            "Order Date": "2011-04",
            "Sales": 5934.1395,
            "Quantity": 127,
            "Sales_MA": 4527.010166666667
        },
        {
            "Order Date": "2011-05",
            "Sales": 3556.2156,
            "Quantity": 122,
            "Sales_MA": 4406.974033333333
        },
        {
            "Order Date": "2011-06",
            "Sales": 5112.02,
            "Quantity": 208,
            "Sales_MA": 4867.458366666667
        },
        {
            "Order Date": "2011-07",
            "Sales": 3086.6412,
            "Quantity": 121,
            "Sales_MA": 3918.292266666667
        },
        {
            "Order Date": "2011-08",
            "Sales": 4628.6252,
            "Quantity": 165,
            "Sales_MA": 4275.762133333334
        },
        {
            "Order Date": "2011-09",
            "Sales": 9798.9504,
            "Quantity": 241,
            "Sales_MA": 5838.072266666667
        },
        {
            "Order Date": "2011-10",
            "Sales": 6577.5034,
            "Quantity": 181,
            "Sales_MA": 7001.692999999999
        },
        {
            "Order Date": "2011-11",
            "Sales": 7497.8395,
            "Quantity": 231,
            "Sales_MA": 7958.097766666666
        },
        {
            "Order Date": "2011-12",
            "Sales": 7679.716600000001,
            "Quantity": 308,
            "Sales_MA": 7251.6865
        },
        {
            "Order Date": "2012-01",
            "Sales": 5847.005,
            "Quantity": 171,
            "Sales_MA": 7008.187033333333
        },
        {
            "Order Date": "2012-02",
            "Sales": 4493.6556,
            "Quantity": 102,
            "Sales_MA": 6006.792400000001
        },
        {
            "Order Date": "2012-03",
            "Sales": 4558.5425000000005,
            "Quantity": 141,
            "Sales_MA": 4966.401033333334
        },
        {
            "Order Date": "2012-04",
            "Sales": 5120.103999999999,
            "Quantity": 116,
            "Sales_MA": 4724.1007
        },
        {
            "Order Date": "2012-05",
            "Sales": 5500.252,
            "Quantity": 157,
            "Sales_MA": 5059.632833333333
        },
        {
            "Order Date": "2012-06",
            "Sales": 10290.957,
            "Quantity": 245,
            "Sales_MA": 6970.437666666668
        },
        {
            "Order Date": "2012-07",
            "Sales": 5539.5508,
            "Quantity": 142,
            "Sales_MA": 7110.2532666666675
        },
        {
            "Order Date": "2012-08",
            "Sales": 6979.0109999999995,
            "Quantity": 214,
            "Sales_MA": 7603.172933333334
        },
        {
            "Order Date": "2012-09",
            "Sales": 8091.7649,
            "Quantity": 265,
            "Sales_MA": 6870.108899999999
        },
        {
            "Order Date": "2012-10",
            "Sales": 4334.1584,
            "Quantity": 182,
            "Sales_MA": 6468.311433333333
        },
        {
            "Order Date": "2012-11",
            "Sales": 12873.5316,
            "Quantity": 384,
            "Sales_MA": 8433.151633333333
        },
        {
            "Order Date": "2012-12",
            "Sales": 8175.9391000000005,
            "Quantity": 230,
            "Sales_MA": 8461.209700000001
        },
        {
            "Order Date": "2013-01",
            "Sales": 4855.847000000001,
            "Quantity": 137,
            "Sales_MA": 8635.1059
        },
        {
            "Order Date": "2013-02",
            "Sales": 6139.5935,
            "Quantity": 167,
            "Sales_MA": 6390.459866666667
        },
        {
            "Order Date": "2013-03",
            "Sales": 5699.0598,
            "Quantity": 164,
            "Sales_MA": 5564.833433333333
        },
        {
            "Order Date": "2013-04",
            "Sales": 4594.2402,
            "Quantity": 166,
            "Sales_MA": 5477.631166666666
        },
        {
            "Order Date": "2013-05",
            "Sales": 7825.395,
            "Quantity": 282,
            "Sales_MA": 6039.565
        },
        {
            "Order Date": "2013-06",
            "Sales": 12753.262200000001,
            "Quantity": 342,
            "Sales_MA": 8390.9658
        },
        {
            "Order Date": "2013-07",
            "Sales": 7196.0375,
            "Quantity": 227,
            "Sales_MA": 9258.231566666667
        },
        {
            "Order Date": "2013-08",
            "Sales": 8877.9684,
            "Quantity": 243,
            "Sales_MA": 9609.089366666667
        },
        {
            "Order Date": "2013-09",
            "Sales": 14224.3726,
            "Quantity": 382,
            "Sales_MA": 10099.459499999999
        },
        {
            "Order Date": "2013-10",
            "Sales": 9734.793000000001,
            "Quantity": 302,
            "Sales_MA": 10945.711333333335
        },
        {
            "Order Date": "2013-11",
            "Sales": 14375.3863,
            "Quantity": 368,
            "Sales_MA": 12778.18396666667
        },
        {
            "Order Date": "2013-12",
            "Sales": 15543.8897,
            "Quantity": 419,
            "Sales_MA": 13218.023000000001
        },
        {
            "Order Date": "2014-01",
            "Sales": 10349.3178,
            "Quantity": 281,
            "Sales_MA": 13422.8646
        },
        {
            "Order Date": "2014-02",
            "Sales": 9460.1948,
            "Quantity": 244,
            "Sales_MA": 11784.467433333333
        },
        {
            "Order Date": "2014-03",
            "Sales": 10885.9321,
            "Quantity": 319,
            "Sales_MA": 10231.8149
        },
        {
            "Order Date": "2014-04",
            "Sales": 13892.1816,
            "Quantity": 366,
            "Sales_MA": 11412.7695
        },
        {
            "Order Date": "2014-05",
            "Sales": 11006.644400000001,
            "Quantity": 372,
            "Sales_MA": 11928.252700000003
        },
        {
            "Order Date": "2014-06",
            "Sales": 16278.5026,
            "Quantity": 544,
            "Sales_MA": 13725.7762
        },
        {
            "Order Date": "2014-07",
            "Sales": 12633.8014,
            "Quantity": 375,
            "Sales_MA": 13306.316133333334
        },
        {
            "Order Date": "2014-08",
            "Sales": 15891.02,
            "Quantity": 455,
            "Sales_MA": 14934.441333333334
        },
        {
            "Order Date": "2014-09",
            "Sales": 25016.9654,
            "Quantity": 691,
            "Sales_MA": 17847.26226666667
        },
        {
            "Order Date": "2014-10",
            "Sales": 16635.6329,
            "Quantity": 481,
            "Sales_MA": 19181.2061
        },
        {
            "Order Date": "2014-11",
            "Sales": 26146.4195,
            "Quantity": 735,
            "Sales_MA": 22599.6726
        },
        {
            "Order Date": "2014-12",
            "Sales": 23649.1583,
            "Quantity": 801,
            "Sales_MA": 22143.7369
        },
        {
            "Order Date": "2015-01",
            "Sales": 5847.005,
            "Quantity": 171,
            "Sales_MA": 18547.5276
        },
        {
            "Order Date": "2015-02",
            "Sales": 4493.6556,
            "Quantity": 102,
            "Sales_MA": 11329.939633333333
        },
        {
            "Order Date": "2015-03",
            "Sales": 4558.5425,
            "Quantity": 141,
            "Sales_MA": 4966.401033333333
        },
        {
            "Order Date": "2015-04",
            "Sales": 5120.104,
            "Quantity": 116,
            "Sales_MA": 4724.1007
        },
        {
            "Order Date": "2015-05",
            "Sales": 5477.964,
            "Quantity": 150,
            "Sales_MA": 5052.2035
        },
        {
            "Order Date": "2015-06",
            "Sales": 10290.957,
            "Quantity": 245,
            "Sales_MA": 6963.008333333334
        },
        {
            "Order Date": "2015-07",
            "Sales": 5539.5508,
            "Quantity": 142,
            "Sales_MA": 7102.823933333333
        },
        {
            "Order Date": "2015-08",
            "Sales": 6979.011,
            "Quantity": 214,
            "Sales_MA": 7603.172933333334
        },
        {
            "Order Date": "2015-09",
            "Sales": 8091.7649,
            "Quantity": 265,
            "Sales_MA": 6870.1089
        },
        {
            "Order Date": "2015-10",
            "Sales": 4334.1584,
            "Quantity": 182,
            "Sales_MA": 6468.311433333333
        },
        {
            "Order Date": "2015-11",
            "Sales": 12844.311599999999,
            "Quantity": 381,
            "Sales_MA": 8423.411633333333
        },
        {
            "Order Date": "2015-12",
            "Sales": 8146.7191,
            "Quantity": 227,
            "Sales_MA": 8441.729699999998
        },
        {
            "Order Date": "2016-01",
            "Sales": 4855.847,
            "Quantity": 137,
            "Sales_MA": 8615.6259
        },
        {
            "Order Date": "2016-02",
            "Sales": 6139.5935,
            "Quantity": 167,
            "Sales_MA": 6380.719866666666
        },
        {
            "Order Date": "2016-03",
            "Sales": 5699.0598,
            "Quantity": 164,
            "Sales_MA": 5564.833433333333
        },
        {
            "Order Date": "2016-04",
            "Sales": 4594.2402,
            "Quantity": 166,
            "Sales_MA": 5477.631166666666
        },
        {
            "Order Date": "2016-05",
            "Sales": 7761.715,
            "Quantity": 274,
            "Sales_MA": 6018.338333333333
        },
        {
            "Order Date": "2016-06",
            "Sales": 12741.5742,
            "Quantity": 339,
            "Sales_MA": 8365.843133333334
        },
        {
            "Order Date": "2016-07",
            "Sales": 7186.4855,
            "Quantity": 224,
            "Sales_MA": 9229.9249
        },
        {
            "Order Date": "2016-08",
            "Sales": 8868.4164,
            "Quantity": 240,
            "Sales_MA": 9598.825366666666
        },
        {
            "Order Date": "2016-09",
            "Sales": 14224.3726,
            "Quantity": 382,
            "Sales_MA": 10093.0915
        },
        {
            "Order Date": "2016-10",
            "Sales": 9734.793,
            "Quantity": 302,
            "Sales_MA": 10942.527333333333
        },
        {
            "Order Date": "2016-11",
            "Sales": 14375.3863,
            "Quantity": 368,
            "Sales_MA": 12778.183966666666
        },
        {
            "Order Date": "2016-12",
            "Sales": 15543.8897,
            "Quantity": 419,
            "Sales_MA": 13218.023
        },
        {
            "Order Date": "2017-01",
            "Sales": 7934.2318,
            "Quantity": 205,
            "Sales_MA": 12617.835933333334
        },
        {
            "Order Date": "2017-02",
            "Sales": 5128.5688,
            "Quantity": 135,
            "Sales_MA": 9535.563433333335
        },
        {
            "Order Date": "2017-03",
            "Sales": 7550.5551000000005,
            "Quantity": 224,
            "Sales_MA": 6871.118566666667
        },
        {
            "Order Date": "2017-04",
            "Sales": 7952.6821,
            "Quantity": 237,
            "Sales_MA": 6877.268666666667
        },
        {
            "Order Date": "2017-05",
            "Sales": 7428.2288,
            "Quantity": 244,
            "Sales_MA": 7643.822
        },
        {
            "Order Date": "2017-06",
            "Sales": 11128.2466,
            "Quantity": 336,
            "Sales_MA": 8836.385833333334
        },
        {
            "Order Date": "2017-07",
            "Sales": 9501.3202,
            "Quantity": 255,
            "Sales_MA": 9352.598533333334
        },
        {
            "Order Date": "2017-08",
            "Sales": 11303.6428,
            "Quantity": 294,
            "Sales_MA": 10644.4032
        },
        {
            "Order Date": "2017-09",
            "Sales": 15305.915,
            "Quantity": 452,
            "Sales_MA": 12036.959333333332
        },
        {
            "Order Date": "2017-10",
            "Sales": 9957.7455,
            "Quantity": 292,
            "Sales_MA": 12189.1011
        },
        {
            "Order Date": "2017-11",
            "Sales": 18162.3512,
            "Quantity": 498,
            "Sales_MA": 14475.337233333334
        },
        {
            "Order Date": "2017-12",
            "Sales": 16527.9025,
            "Quantity": 504,
            "Sales_MA": 14882.6664
        }
    ],
    "customer_segmentation": [
        {
            "Customer Name": "Lauren Leatherbury",
            "total_spent": 5487.38,
            "purchase_frequency": 16,
            "average_order_value": 342.96125
        },
        {
            "Customer Name": "Duane Noonan",
            "total_spent": 4283.72,
            "purchase_frequency": 14,
            "average_order_value": 267.7325
        },
        {
            "Customer Name": "Art Ferguson",
            "total_spent": 4274.4654,
            "purchase_frequency": 14,
            "average_order_value": 237.4703
        },
        {
            "Customer Name": "Chuck Clark",
            "total_spent": 4157.52,
            "purchase_frequency": 14,
            "average_order_value": 296.96571428571434
        },
        {
            "Customer Name": "Laurel Beltran",
            "total_spent": 3953.188,
            "purchase_frequency": 14,
            "average_order_value": 282.37057142857145
        },
        {
            "Customer Name": "Liz Willingham",
            "total_spent": 3861.514,
            "purchase_frequency": 12,
            "average_order_value": 275.8224285714286
        },
        {
            "Customer Name": "Erin Mull",
            "total_spent": 3494.496,
            "purchase_frequency": 10,
            "average_order_value": 349.44960000000003
        },
        {
            "Customer Name": "Paul Stevenson",
            "total_spent": 3405.556,
            "purchase_frequency": 12,
            "average_order_value": 243.254
        },
        {
            "Customer Name": "Stefania Perrino",
            "total_spent": 3332.104,
            "purchase_frequency": 16,
            "average_order_value": 208.2565
        },
        {
            "Customer Name": "Alejandro Grove",
            "total_spent": 3325.3959999999997,
            "purchase_frequency": 8,
            "average_order_value": 415.67449999999997
        }
    ],
    "discount_analysis": [
        {
            "Discount": 0.0,
            "total_sales": 509947.68,
            "total_quantity": 12454,
            "average_profit": 35.5223
        },
        {
            "Discount": 0.1,
            "total_sales": 45964.476,
            "total_quantity": 1124,
            "average_profit": 28.9578
        },
        {
            "Discount": 0.2,
            "total_sales": 64757.744,
            "total_quantity": 2268,
            "average_profit": 8.4532
        },
        {
            "Discount": 0.25,
            "total_sales": 17127.135,
            "total_quantity": 464,
            "average_profit": 7.0849
        },
        {
            "Discount": 0.27,
            "total_sales": 33401.2668,
            "total_quantity": 1002,
            "average_profit": 3.1532
        },
        {
            "Discount": 0.3,
            "total_sales": 12274.458,
            "total_quantity": 366,
            "average_profit": -14.871
        },
        {
            "Discount": 0.4,
            "total_sales": 49320.756,
            "total_quantity": 2296,
            "average_profit": -20.4174
        },
        {
            "Discount": 0.5,
            "total_sales": 8565.27,
            "total_quantity": 440,
            "average_profit": -51.5062
        },
        {
            "Discount": 0.6,
            "total_sales": 24808.616,
            "total_quantity": 1632,
            "average_profit": -48.2923
        },
        {
            "Discount": 0.7,
            "total_sales": 4248.99,
            "total_quantity": 304,
            "average_profit": -55.6102
        },
        {
            "Discount": 0.8,
            "total_sales": 317.832,
            "total_quantity": 38,
            "average_profit": -115.071
        }
    ],
    "geographic_distribution": [
        {
            "State": "New York",
            "City": "New York City",
            "total_sales": 15052.78,
            "total_quantity": 556,
            "Location": "New York, New York City"
        },
        {
            "State": "Pennsylvania",
            "City": "Philadelphia",
            "total_sales": 13782.608,
            "total_quantity": 416,
            "Location": "Pennsylvania, Philadelphia"
        },
        {
            "State": "California",
            "City": "Los Angeles",
            "total_sales": 13574.72,
            "total_quantity": 512,
            "Location": "California, Los Angeles"
        },
        {
            "State": "Madrid",
            "City": "Madrid",
            "total_sales": 9161.82,
            "total_quantity": 122,
            "Location": "Madrid, Madrid"
        },
        {
            "State": "Jakarta",
            "City": "Jakarta",
            "total_sales": 6963.7182,
            "total_quantity": 194,
            "Location": "Jakarta, Jakarta"
        },
        {
            "State": "California",
            "City": "San Francisco",
            "total_sales": 6753.44,
            "total_quantity": 358,
            "Location": "California, San Francisco"
        },
        {
            "State": "New South Wales",
            "City": "Sydney",
            "total_sales": 6709.986,
            "total_quantity": 142,
            "Location": "New South Wales, Sydney"
        },
        {
            "State": "Bangkok",
            "City": "Bangkok",
            "total_sales": 6407.502,
            "total_quantity": 150,
            "Location": "Bangkok, Bangkok"
        },
        {
            "State": "Washington",
            "City": "Seattle",
            "total_sales": 5581.64,
            "total_quantity": 285,
            "Location": "Washington, Seattle"
        },
        {
            "State": "National Capital Region",
            "City": "Manila",
            "total_sales": 5297.9400000000005,
            "total_quantity": 141,
            "Location": "National Capital Region, Manila"
        },
        {
            "State": "National Capital",
            "City": "Manila",
            "total_sales": 5297.9400000000005,
            "total_quantity": 141,
            "Location": "National Capital, Manila"
        },
        {
            "State": "Vienna",
            "City": "Vienna",
            "total_sales": 5246.22,
            "total_quantity": 88,
            "Location": "Vienna, Vienna"
        },
        {
            "State": "Queensland",
            "City": "Gold Coast",
            "total_sales": 4914.198,
            "total_quantity": 118,
            "Location": "Queensland, Gold Coast"
        },
        {
            "State": "Managua",
            "City": "Managua",
            "total_sales": 4781.96,
            "total_quantity": 136,
            "Location": "Managua, Managua"
        },
        {
            "State": "Santo Domingo",
            "City": "Santo Domingo",
            "total_sales": 4386.64,
            "total_quantity": 214,
            "Location": "Santo Domingo, Santo Domingo"
        }
    ],
    "ship_mode_analysis": {
        "First Class": {
            "total_orders": 798,
            "avg_shipping_delay": 2.18,
            "total_profit": 10065.0,
            "shipping_cost_ratio": 0.18
        },
        "Same Day": {
            "total_orders": 305,
            "avg_shipping_delay": 0.03,
            "total_profit": 6028.77,
            "shipping_cost_ratio": 0.18
        },
        "Second Class": {
            "total_orders": 1162,
            "avg_shipping_delay": 3.24,
            "total_profit": 16511.55,
            "shipping_cost_ratio": 0.13
        },
        "Standard Class": {
            "total_orders": 3659,
            "avg_shipping_delay": 5.0,
            "total_profit": 61207.54,
            "shipping_cost_ratio": 0.09
        }
    },
    "order_priority_analysis": {
        "Critical": {
            "avg_profit_margin": 0.11472483281035199,
            "common_ship_mode": "First Class"
        },
        "High": {
            "avg_profit_margin": 0.04874900594050973,
            "common_ship_mode": "Standard Class"
        },
        "Low": {
            "avg_profit_margin": 0.02354546535775767,
            "common_ship_mode": "Standard Class"
        },
        "Medium": {
            "avg_profit_margin": 0.05202542077492959,
            "common_ship_mode": "Standard Class"
        }
    },
    "rfm_analysis": {
        "rfm_stats": {
            "recency": {
                "count": 773.0,
                "mean": 240.79172056921087,
                "std": 259.1344587340382,
                "min": 0.0,
                "25%": 50.0,
                "50%": 140.0,
                "75%": 371.0,
                "max": 1409.0
            },
            "frequency": {
                "count": 773.0,
                "mean": 7.667529107373868,
                "std": 3.5119254606533636,
                "min": 2.0,
                "25%": 6.0,
                "50%": 8.0,
                "75%": 10.0,
                "max": 24.0
            },
            "monetary": {
                "count": 773.0,
                "mean": 997.068853557568,
                "std": 762.8268158166023,
                "min": 9.856000000000002,
                "25%": 425.36400000000003,
                "50%": 825.932,
                "75%": 1361.12,
                "max": 5487.38
            }
        },
        "rfm_segments": {
            "High": 261,
            "Low": 258,
            "Medium": 254
        }
    },
    "churn_analysis": {
        "total_customers": 3876,
        "churned_customers": 2906,
        "churn_rate": 0.7497420020639834,
        "avg_recency": 838.5012899896801,
        "avg_frequency": 1.631578947368421,
        "avg_monetary": 198.84783895768834,
        "churned_customer_characteristics": {
            "avg_recency": 1068.6593255333792,
            "avg_frequency": 1.7856159669649,
            "avg_monetary": 218.2514522711631,
            "avg_discount": 0.15282577694157184,
            "avg_quantity": 3.4669281920572357,
            "avg_shipping_cost": 12.6873111091497,
            "avg_profit": 14.177456900053281
        },
        "active_customer_characteristics": {
            "avg_recency": 148.97628865979382,
            "avg_frequency": 1.1701030927835052,
            "avg_monetary": 140.71701391752578,
            "avg_discount": 0.14789690721649482,
            "avg_quantity": 3.491529209621993,
            "avg_shipping_cost": 13.358581237113402,
            "avg_profit": 14.665431546391753
        }
    }
}