{
    "segment_distribution": {
        "Consumer": [
            1592,
            0.54
        ],
        "Corporate": [
            830,
            0.28
        ],
        "Home Office": [
            550,
            0.19
        ]
    },
    "segment_quantity": {
        "Consumer": 3.21,
        "Corporate": 3.37,
        "Home Office": 3.45
    },
    "segment_unit_price": {
        "Consumer": 149.54,
        "Corporate": 164.34,
        "Home Office": 175.56
    },
    "segment_profit": {
        "Consumer": 11.1,
        "Corporate": 11.08,
        "Home Office": 15.78
    },
    "segment_discount": {
        "Consumer": 0.17,
        "Corporate": 0.18,
        "Home Office": 0.16
    },
    "region_distribution": {
        "Central": [
            301,
            0.1
        ],
        "Western Europe": [
            253,
            0.09
        ],
        "EMEA": [
            237,
            0.08
        ],
        "Oceania": [
            208,
            0.07
        ],
        "Africa": [
            207,
            0.07
        ],
        "South": [
            137,
            0.05
        ],
        "North": [
            133,
            0.04
        ],
        "Western Asia": [
            115,
            0.04
        ],
        "Southeast Asia": [
            106,
            0.04
        ],
        "Southeastern Asia": [
            106,
            0.04
        ],
        "Northern Europe": [
            99,
            0.03
        ],
        "Southern Asia": [
            93,
            0.03
        ],
        "North Asia": [
            84,
            0.03
        ],
        "Eastern Asia": [
            84,
            0.03
        ],
        "Southern Europe": [
            82,
            0.03
        ],
        "Western Africa": [
            74,
            0.02
        ],
        "Central Asia": [
            72,
            0.02
        ],
        "Eastern Europe": [
            70,
            0.02
        ],
        "Central America": [
            67,
            0.02
        ],
        "North Africa": [
            53,
            0.02
        ],
        "Caribbean": [
            52,
            0.02
        ],
        "South America": [
            42,
            0.01
        ],
        "West": [
            39,
            0.01
        ],
        "Western US": [
            39,
            0.01
        ],
        "Eastern US": [
            37,
            0.01
        ],
        "East": [
            37,
            0.01
        ],
        "Central Africa": [
            33,
            0.01
        ],
        "Eastern Africa": [
            27,
            0.01
        ],
        "Canada": [
            26,
            0.01
        ],
        "Central US": [
            21,
            0.01
        ],
        "Southern Africa": [
            20,
            0.01
        ],
        "Southern US": [
            18,
            0.01
        ]
    },
    "region_quantity": {
        "Africa": 2.31,
        "Canada": 1.92,
        "Caribbean": 3.85,
        "Central": 3.74,
        "Central Africa": 2.27,
        "Central America": 3.73,
        "Central Asia": 3.46,
        "Central US": 3.14,
        "EMEA": 2.32,
        "East": 4.46,
        "Eastern Africa": 2.89,
        "Eastern Asia": 4.08,
        "Eastern Europe": 2.06,
        "Eastern US": 4.46,
        "North": 3.61,
        "North Africa": 1.89,
        "North Asia": 4.08,
        "Northern Europe": 3.44,
        "Oceania": 3.53,
        "South": 3.48,
        "South America": 3.57,
        "Southeast Asia": 4.03,
        "Southeastern Asia": 4.03,
        "Southern Africa": 2.45,
        "Southern Asia": 3.19,
        "Southern Europe": 3.52,
        "Southern US": 3.44,
        "West": 3.77,
        "Western Africa": 2.39,
        "Western Asia": 2.23,
        "Western Europe": 3.83,
        "Western US": 3.77
    },
    "region_sales": {
        "Africa": 333.84,
        "Canada": 328.8,
        "Caribbean": 198.63,
        "Central": 568.76,
        "Central Africa": 460.15,
        "Central America": 337.88,
        "Central Asia": 551.41,
        "Central US": 1276.07,
        "EMEA": 261.73,
        "East": 1786.65,
        "Eastern Africa": 400.17,
        "Eastern Asia": 581.34,
        "Eastern Europe": 320.17,
        "Eastern US": 1786.65,
        "North": 527.89,
        "North Africa": 352.67,
        "North Asia": 581.34,
        "Northern Europe": 570.71,
        "Oceania": 499.22,
        "South": 716.97,
        "South America": 312.83,
        "Southeast Asia": 486.73,
        "Southeastern Asia": 486.73,
        "Southern Africa": 495.76,
        "Southern Asia": 513.13,
        "Southern Europe": 415.77,
        "Southern US": 2993.94,
        "West": 1088.31,
        "Western Africa": 196.06,
        "Western Asia": 206.14,
        "Western Europe": 541.45,
        "Western US": 1088.31
    },
    "region_unit_price": {
        "Africa": 144.27,
        "Canada": 170.98,
        "Caribbean": 51.64,
        "Central": 151.9,
        "Central Africa": 202.46,
        "Central America": 90.55,
        "Central Asia": 159.44,
        "Central US": 406.02,
        "EMEA": 112.99,
        "East": 400.64,
        "Eastern Africa": 138.52,
        "Eastern Asia": 142.37,
        "Eastern Europe": 155.64,
        "Eastern US": 400.64,
        "North": 146.27,
        "North Africa": 186.92,
        "North Asia": 142.37,
        "Northern Europe": 165.69,
        "Oceania": 141.47,
        "South": 205.92,
        "South America": 87.59,
        "Southeast Asia": 120.83,
        "Southeastern Asia": 120.83,
        "Southern Africa": 202.35,
        "Southern Asia": 160.68,
        "Southern Europe": 117.97,
        "Southern US": 869.21,
        "West": 288.74,
        "Western Africa": 81.97,
        "Western Asia": 92.24,
        "Western Europe": 141.51,
        "Western US": 288.74
    },
    "region_discount": {
        "Africa": 0.17,
        "Canada": 0.0,
        "Caribbean": 0.43,
        "Central": 0.17,
        "Central Africa": 0.0,
        "Central America": 0.13,
        "Central Asia": 0.11,
        "Central US": 0.33,
        "EMEA": 0.21,
        "East": 0.28,
        "Eastern Africa": 0.17,
        "Eastern Asia": 0.07,
        "Eastern Europe": 0.0,
        "Eastern US": 0.28,
        "North": 0.06,
        "North Africa": 0.0,
        "North Asia": 0.07,
        "Northern Europe": 0.09,
        "Oceania": 0.14,
        "South": 0.25,
        "South America": 0.18,
        "Southeast Asia": 0.18,
        "Southeastern Asia": 0.18,
        "Southern Africa": 0.0,
        "Southern Asia": 0.04,
        "Southern Europe": 0.25,
        "Southern US": 0.33,
        "West": 0.3,
        "Western Africa": 0.41,
        "Western Asia": 0.38,
        "Western Europe": 0.14,
        "Western US": 0.3
    },
    "region_profit": {
        "Africa": 12.42,
        "Canada": 24.31,
        "Caribbean": -26.04,
        "Central": 9.66,
        "Central Africa": 38.94,
        "Central America": 16.48,
        "Central Asia": 27.68,
        "Central US": -22.52,
        "EMEA": 4.99,
        "East": 41.99,
        "Eastern Africa": 26.29,
        "Eastern Asia": 30.05,
        "Eastern Europe": 34.96,
        "Eastern US": 41.99,
        "North": 27.58,
        "North Africa": 41.24,
        "North Asia": 30.05,
        "Northern Europe": 27.67,
        "Oceania": 10.78,
        "South": -10.07,
        "South America": 5.59,
        "Southeast Asia": 11.2,
        "Southeastern Asia": 11.2,
        "Southern Africa": 35.24,
        "Southern Asia": 32.57,
        "Southern Europe": -12.73,
        "Southern US": -23.21,
        "West": -4.21,
        "Western Africa": -27.54,
        "Western Asia": -18.46,
        "Western Europe": 12.82,
        "Western US": -4.21
    },
    "region_profit_margin": {
        "Africa": 0.09,
        "Canada": 0.14,
        "Caribbean": -0.5,
        "Central": 0.06,
        "Central Africa": 0.19,
        "Central America": 0.18,
        "Central Asia": 0.17,
        "Central US": -0.06,
        "EMEA": 0.04,
        "East": 0.1,
        "Eastern Africa": 0.19,
        "Eastern Asia": 0.21,
        "Eastern Europe": 0.22,
        "Eastern US": 0.1,
        "North": 0.19,
        "North Africa": 0.22,
        "North Asia": 0.21,
        "Northern Europe": 0.17,
        "Oceania": 0.08,
        "South": -0.05,
        "South America": 0.06,
        "Southeast Asia": 0.09,
        "Southeastern Asia": 0.09,
        "Southern Africa": 0.17,
        "Southern Asia": 0.2,
        "Southern Europe": -0.11,
        "Southern US": -0.03,
        "West": -0.01,
        "Western Africa": -0.34,
        "Western Asia": -0.2,
        "Western Europe": 0.09,
        "Western US": -0.01
    },
    "market_distribution": {
        "Asia Pacific": [
            512,
            0.17
        ],
        "Europe": [
            504,
            0.17
        ],
        "EU": [
            423,
            0.14
        ],
        "Africa": [
            414,
            0.14
        ],
        "APAC": [
            356,
            0.12
        ],
        "LATAM": [
            270,
            0.09
        ],
        "EMEA": [
            237,
            0.08
        ],
        "USCA": [
            128,
            0.04
        ],
        "US": [
            115,
            0.04
        ],
        "Canada": [
            13,
            0.0
        ]
    },
    "market_quantity": {
        "APAC": 3.81,
        "Africa": 2.31,
        "Asia Pacific": 3.36,
        "Canada": 1.92,
        "EMEA": 2.32,
        "EU": 3.68,
        "Europe": 3.46,
        "LATAM": 3.7,
        "US": 3.83,
        "USCA": 3.63
    },
    "market_sales": {
        "APAC": 534.57,
        "Africa": 333.84,
        "Asia Pacific": 440.45,
        "Canada": 328.8,
        "EMEA": 261.73,
        "EU": 527.58,
        "Europe": 496.01,
        "LATAM": 303.27,
        "US": 1645.55,
        "USCA": 1511.82
    },
    "market_unit_price": {
        "APAC": 140.24,
        "Africa": 144.27,
        "Asia Pacific": 131.11,
        "Canada": 170.98,
        "EMEA": 112.99,
        "EU": 143.42,
        "Europe": 143.51,
        "LATAM": 81.88,
        "US": 430.09,
        "USCA": 416.16
    },
    "market_discount": {
        "APAC": 0.12,
        "Africa": 0.17,
        "Asia Pacific": 0.18,
        "Canada": 0.0,
        "EMEA": 0.21,
        "EU": 0.15,
        "Europe": 0.13,
        "LATAM": 0.2,
        "US": 0.31,
        "USCA": 0.28
    },
    "market_profit": {
        "APAC": 19.56,
        "Africa": 12.42,
        "Asia Pacific": 13.59,
        "Canada": 24.31,
        "EMEA": 4.99,
        "EU": 11.11,
        "Europe": 13.32,
        "LATAM": 4.71,
        "US": 7.69,
        "USCA": 8.59
    },
    "market_profit_margin": {
        "APAC": 0.14,
        "Africa": 0.09,
        "Asia Pacific": 0.1,
        "Canada": 0.14,
        "EMEA": 0.04,
        "EU": 0.08,
        "Europe": 0.09,
        "LATAM": 0.06,
        "US": 0.02,
        "USCA": 0.02
    },
    "country_distribution": {
        "France": [
            274,
            0.09
        ],
        "United States": [
            230,
            0.08
        ],
        "Australia": [
            170,
            0.06
        ],
        "United Kingdom": [
            158,
            0.05
        ],
        "Germany": [
            156,
            0.05
        ],
        "Turkey": [
            136,
            0.05
        ],
        "China": [
            130,
            0.04
        ],
        "India": [
            98,
            0.03
        ],
        "Indonesia": [
            96,
            0.03
        ],
        "Nigeria": [
            86,
            0.03
        ],
        "Italy": [
            78,
            0.03
        ],
        "Mexico": [
            72,
            0.02
        ],
        "Spain": [
            72,
            0.02
        ],
        "Philippines": [
            64,
            0.02
        ],
        "Iran": [
            62,
            0.02
        ],
        "Brazil": [
            49,
            0.02
        ],
        "Morocco": [
            48,
            0.02
        ],
        "Democratic Republic of the Congo": [
            46,
            0.02
        ],
        "South Africa": [
            40,
            0.01
        ],
        "New Zealand": [
            38,
            0.01
        ],
        "Netherlands": [
            38,
            0.01
        ],
        "Ukraine": [
            38,
            0.01
        ],
        "Saudi Arabia": [
            36,
            0.01
        ],
        "Russia": [
            34,
            0.01
        ],
        "Iraq": [
            30,
            0.01
        ],
        "Poland": [
            30,
            0.01
        ],
        "Austria": [
            28,
            0.01
        ],
        "Canada": [
            26,
            0.01
        ],
        "Egypt": [
            24,
            0.01
        ],
        "Dominican Republic": [
            24,
            0.01
        ],
        "Algeria": [
            20,
            0.01
        ],
        "Japan": [
            20,
            0.01
        ],
        "Cuba": [
            18,
            0.01
        ],
        "Guatemala": [
            18,
            0.01
        ],
        "South Korea": [
            16,
            0.01
        ],
        "Honduras": [
            16,
            0.01
        ],
        "Romania": [
            16,
            0.01
        ],
        "Ghana": [
            16,
            0.01
        ],
        "El Salvador": [
            14,
            0.0
        ],
        "Thailand": [
            14,
            0.0
        ],
        "Cameroon": [
            14,
            0.0
        ],
        "Vietnam": [
            14,
            0.0
        ],
        "Bangladesh": [
            12,
            0.0
        ],
        "Sweden": [
            12,
            0.0
        ],
        "Sudan": [
            12,
            0.0
        ],
        "Pakistan": [
            12,
            0.0
        ],
        "Colombia": [
            10,
            0.0
        ],
        "Malaysia": [
            10,
            0.0
        ],
        "Norway": [
            10,
            0.0
        ],
        "Tanzania": [
            10,
            0.0
        ],
        "Hungary": [
            10,
            0.0
        ],
        "C\u00f4te-d'Ivoire": [
            8,
            0.0
        ],
        "Zimbabwe": [
            8,
            0.0
        ],
        "Turkmenistan": [
            8,
            0.0
        ],
        "Haiti": [
            8,
            0.0
        ],
        "Senegal": [
            8,
            0.0
        ],
        "Panama": [
            8,
            0.0
        ],
        "Mozambique": [
            8,
            0.0
        ],
        "Cote d'Ivoire": [
            8,
            0.0
        ],
        "Switzerland": [
            8,
            0.0
        ],
        "Israel": [
            8,
            0.0
        ],
        "Argentina": [
            8,
            0.0
        ],
        "Madagascar": [
            6,
            0.0
        ],
        "Denmark": [
            6,
            0.0
        ],
        "Bulgaria": [
            6,
            0.0
        ],
        "Uzbekistan": [
            6,
            0.0
        ],
        "Venezuela": [
            6,
            0.0
        ],
        "Mali": [
            6,
            0.0
        ],
        "Zambia": [
            6,
            0.0
        ],
        "Angola": [
            6,
            0.0
        ],
        "Croatia": [
            6,
            0.0
        ],
        "Nicaragua": [
            6,
            0.0
        ],
        "Myanmar (Burma)": [
            6,
            0.0
        ],
        "Lithuania": [
            4,
            0.0
        ],
        "Togo": [
            4,
            0.0
        ],
        "Kazakhstan": [
            4,
            0.0
        ],
        "Bolivia": [
            4,
            0.0
        ],
        "Finland": [
            4,
            0.0
        ],
        "Albania": [
            4,
            0.0
        ],
        "Cambodia": [
            4,
            0.0
        ],
        "Yemen": [
            4,
            0.0
        ],
        "Portugal": [
            4,
            0.0
        ],
        "Singapore": [
            4,
            0.0
        ],
        "Chile": [
            4,
            0.0
        ],
        "Sierra Leone": [
            4,
            0.0
        ],
        "Uganda": [
            4,
            0.0
        ],
        "Kenya": [
            4,
            0.0
        ],
        "Belarus": [
            4,
            0.0
        ],
        "Ireland": [
            4,
            0.0
        ],
        "Rwanda": [
            4,
            0.0
        ],
        "Mauritania": [
            2,
            0.0
        ],
        "Lebanon": [
            2,
            0.0
        ],
        "Niger": [
            2,
            0.0
        ],
        "Libya": [
            2,
            0.0
        ],
        "Georgia": [
            2,
            0.0
        ],
        "Martinique": [
            2,
            0.0
        ],
        "Bahrain": [
            2,
            0.0
        ],
        "Kyrgyzstan": [
            2,
            0.0
        ],
        "Guinea": [
            2,
            0.0
        ],
        "Jordan": [
            2,
            0.0
        ],
        "Moldova": [
            2,
            0.0
        ],
        "Belgium": [
            2,
            0.0
        ],
        "Ethiopia": [
            2,
            0.0
        ],
        "Taiwan": [
            2,
            0.0
        ],
        "Qatar": [
            2,
            0.0
        ],
        "Syria": [
            2,
            0.0
        ],
        "Djibouti": [
            2,
            0.0
        ],
        "Afghanistan": [
            2,
            0.0
        ],
        "Paraguay": [
            2,
            0.0
        ],
        "Azerbaijan": [
            2,
            0.0
        ],
        "Guinea-Bissau": [
            2,
            0.0
        ],
        "United Arab Emirates": [
            2,
            0.0
        ],
        "Guyana": [
            1,
            0.0
        ]
    },
    "country_quantity": {
        "Afghanistan": 3.0,
        "Albania": 5.5,
        "Algeria": 2.5,
        "Angola": 2.33,
        "Argentina": 3.0,
        "Australia": 3.74,
        "Austria": 3.93,
        "Azerbaijan": 1.0,
        "Bahrain": 2.0,
        "Bangladesh": 3.33,
        "Belarus": 1.0,
        "Belgium": 5.0,
        "Bolivia": 5.0,
        "Brazil": 3.96,
        "Bulgaria": 2.67,
        "Cambodia": 7.0,
        "Cameroon": 3.43,
        "Canada": 1.92,
        "Chile": 2.0,
        "China": 4.22,
        "Colombia": 2.6,
        "Cote d'Ivoire": 1.75,
        "Croatia": 4.33,
        "Cuba": 2.78,
        "C\u00f4te-d'Ivoire": 1.75,
        "Democratic Republic of the Congo": 1.91,
        "Denmark": 4.0,
        "Djibouti": 1.0,
        "Dominican Republic": 4.42,
        "Egypt": 1.42,
        "El Salvador": 2.71,
        "Ethiopia": 1.0,
        "Finland": 3.5,
        "France": 3.71,
        "Georgia": 2.0,
        "Germany": 3.97,
        "Ghana": 3.62,
        "Guatemala": 3.89,
        "Guinea": 1.0,
        "Guinea-Bissau": 1.0,
        "Guyana": 4.0,
        "Haiti": 3.75,
        "Honduras": 3.5,
        "Hungary": 2.2,
        "India": 3.8,
        "Indonesia": 4.17,
        "Iran": 2.48,
        "Iraq": 2.6,
        "Ireland": 3.5,
        "Israel": 1.25,
        "Italy": 3.62,
        "Japan": 4.4,
        "Jordan": 1.0,
        "Kazakhstan": 5.5,
        "Kenya": 2.5,
        "Kyrgyzstan": 2.0,
        "Lebanon": 2.0,
        "Libya": 4.0,
        "Lithuania": 1.5,
        "Madagascar": 4.0,
        "Malaysia": 5.4,
        "Mali": 2.33,
        "Martinique": 7.0,
        "Mauritania": 8.0,
        "Mexico": 3.94,
        "Moldova": 2.0,
        "Morocco": 1.62,
        "Mozambique": 3.25,
        "Myanmar (Burma)": 5.0,
        "Netherlands": 3.47,
        "New Zealand": 2.58,
        "Nicaragua": 4.67,
        "Niger": 6.0,
        "Nigeria": 2.35,
        "Norway": 3.8,
        "Pakistan": 1.83,
        "Panama": 3.0,
        "Paraguay": 1.0,
        "Philippines": 3.75,
        "Poland": 1.8,
        "Portugal": 4.0,
        "Qatar": 2.0,
        "Romania": 1.5,
        "Russia": 2.41,
        "Rwanda": 1.5,
        "Saudi Arabia": 2.44,
        "Senegal": 1.5,
        "Sierra Leone": 1.0,
        "Singapore": 3.0,
        "South Africa": 2.45,
        "South Korea": 2.75,
        "Spain": 3.22,
        "Sudan": 2.5,
        "Sweden": 2.0,
        "Switzerland": 6.0,
        "Syria": 2.0,
        "Taiwan": 3.0,
        "Tanzania": 4.0,
        "Thailand": 4.29,
        "Togo": 1.0,
        "Turkey": 2.07,
        "Turkmenistan": 2.5,
        "Uganda": 1.5,
        "Ukraine": 2.16,
        "United Arab Emirates": 6.0,
        "United Kingdom": 3.56,
        "United States": 3.83,
        "Uzbekistan": 2.0,
        "Venezuela": 3.67,
        "Vietnam": 2.14,
        "Yemen": 5.0,
        "Zambia": 4.67,
        "Zimbabwe": 1.5
    },
    "country_sales": {
        "Afghanistan": 346.32,
        "Albania": 852.18,
        "Algeria": 482.53,
        "Angola": 321.06,
        "Argentina": 148.62,
        "Australia": 530.36,
        "Austria": 367.49,
        "Azerbaijan": 51.63,
        "Bahrain": 625.02,
        "Bangladesh": 530.64,
        "Belarus": 181.06,
        "Belgium": 372.6,
        "Bolivia": 722.5,
        "Brazil": 320.93,
        "Bulgaria": 730.41,
        "Cambodia": 702.45,
        "Cameroon": 881.77,
        "Canada": 328.8,
        "Chile": 287.42,
        "China": 644.68,
        "Colombia": 321.04,
        "Cote d'Ivoire": 395.5,
        "Croatia": 397.87,
        "Cuba": 272.23,
        "C\u00f4te-d'Ivoire": 395.5,
        "Democratic Republic of the Congo": 349.97,
        "Denmark": 374.0,
        "Djibouti": 309.24,
        "Dominican Republic": 153.56,
        "Egypt": 345.55,
        "El Salvador": 321.26,
        "Ethiopia": 121.02,
        "Finland": 1006.76,
        "France": 567.9,
        "Georgia": 532.98,
        "Germany": 577.01,
        "Ghana": 241.64,
        "Guatemala": 298.14,
        "Guinea": 266.61,
        "Guinea-Bissau": 74.52,
        "Guyana": 703.04,
        "Haiti": 76.74,
        "Honduras": 92.64,
        "Hungary": 453.52,
        "India": 685.72,
        "Indonesia": 538.64,
        "Iran": 314.79,
        "Iraq": 365.46,
        "Ireland": 446.64,
        "Israel": 189.04,
        "Italy": 359.68,
        "Japan": 536.54,
        "Jordan": 173.82,
        "Kazakhstan": 206.06,
        "Kenya": 327.7,
        "Kyrgyzstan": 506.64,
        "Lebanon": 624.42,
        "Libya": 324.36,
        "Lithuania": 60.14,
        "Madagascar": 793.5,
        "Malaysia": 654.4,
        "Mali": 534.41,
        "Martinique": 564.76,
        "Mauritania": 583.44,
        "Mexico": 384.15,
        "Moldova": 241.8,
        "Morocco": 317.74,
        "Mozambique": 471.39,
        "Myanmar (Burma)": 452.44,
        "Netherlands": 261.5,
        "New Zealand": 359.9,
        "Nicaragua": 911.92,
        "Niger": 1019.7,
        "Nigeria": 105.27,
        "Norway": 778.43,
        "Pakistan": 138.68,
        "Panama": 99.95,
        "Paraguay": 55.56,
        "Philippines": 437.34,
        "Poland": 250.69,
        "Portugal": 327.31,
        "Qatar": 238.8,
        "Romania": 246.58,
        "Russia": 358.04,
        "Rwanda": 233.64,
        "Saudi Arabia": 383.76,
        "Senegal": 219.14,
        "Sierra Leone": 101.0,
        "Singapore": 175.83,
        "South Africa": 495.76,
        "South Korea": 176.88,
        "Spain": 458.69,
        "Sudan": 294.93,
        "Sweden": 234.55,
        "Switzerland": 922.67,
        "Syria": 103.57,
        "Taiwan": 148.32,
        "Tanzania": 353.44,
        "Thailand": 512.56,
        "Togo": 129.26,
        "Turkey": 112.83,
        "Turkmenistan": 79.06,
        "Uganda": 96.76,
        "Ukraine": 291.03,
        "United Arab Emirates": 78.41,
        "United Kingdom": 595.59,
        "United States": 1645.55,
        "Uzbekistan": 168.08,
        "Venezuela": 216.49,
        "Vietnam": 252.8,
        "Yemen": 229.5,
        "Zambia": 937.48,
        "Zimbabwe": 53.08
    },
    "country_unit_price": {
        "Afghanistan": 115.44,
        "Albania": 154.94,
        "Algeria": 193.01,
        "Angola": 137.6,
        "Argentina": 49.54,
        "Australia": 141.76,
        "Austria": 93.54,
        "Azerbaijan": 51.63,
        "Bahrain": 312.51,
        "Bangladesh": 159.19,
        "Belarus": 181.06,
        "Belgium": 74.52,
        "Bolivia": 144.5,
        "Brazil": 81.06,
        "Bulgaria": 273.9,
        "Cambodia": 100.35,
        "Cameroon": 257.18,
        "Canada": 170.98,
        "Chile": 143.71,
        "China": 152.93,
        "Colombia": 123.48,
        "Cote d'Ivoire": 226.0,
        "Croatia": 91.82,
        "Cuba": 98.0,
        "C\u00f4te-d'Ivoire": 226.0,
        "Democratic Republic of the Congo": 182.94,
        "Denmark": 93.5,
        "Djibouti": 309.24,
        "Dominican Republic": 34.77,
        "Egypt": 243.92,
        "El Salvador": 118.36,
        "Ethiopia": 121.02,
        "Finland": 287.64,
        "France": 153.16,
        "Georgia": 266.49,
        "Germany": 145.18,
        "Ghana": 66.66,
        "Guatemala": 76.66,
        "Guinea": 266.61,
        "Guinea-Bissau": 74.52,
        "Guyana": 175.76,
        "Haiti": 20.46,
        "Honduras": 26.47,
        "Hungary": 206.15,
        "India": 180.65,
        "Indonesia": 129.27,
        "Iran": 126.73,
        "Iraq": 140.56,
        "Ireland": 127.61,
        "Israel": 151.23,
        "Italy": 99.49,
        "Japan": 121.94,
        "Jordan": 173.82,
        "Kazakhstan": 37.46,
        "Kenya": 131.08,
        "Kyrgyzstan": 253.32,
        "Lebanon": 312.21,
        "Libya": 81.09,
        "Lithuania": 40.1,
        "Madagascar": 198.38,
        "Malaysia": 121.19,
        "Mali": 229.03,
        "Martinique": 80.68,
        "Mauritania": 72.93,
        "Mexico": 97.39,
        "Moldova": 120.9,
        "Morocco": 195.53,
        "Mozambique": 145.04,
        "Myanmar (Burma)": 90.49,
        "Netherlands": 75.28,
        "New Zealand": 139.55,
        "Nicaragua": 195.41,
        "Niger": 169.95,
        "Nigeria": 44.82,
        "Norway": 204.85,
        "Pakistan": 75.64,
        "Panama": 33.32,
        "Paraguay": 55.56,
        "Philippines": 116.62,
        "Poland": 139.27,
        "Portugal": 81.83,
        "Qatar": 119.4,
        "Romania": 164.39,
        "Russia": 148.45,
        "Rwanda": 155.76,
        "Saudi Arabia": 156.99,
        "Senegal": 146.09,
        "Sierra Leone": 101.0,
        "Singapore": 58.61,
        "South Africa": 202.35,
        "South Korea": 64.32,
        "Spain": 142.35,
        "Sudan": 117.97,
        "Sweden": 117.27,
        "Switzerland": 153.78,
        "Syria": 51.79,
        "Taiwan": 49.44,
        "Tanzania": 88.36,
        "Thailand": 119.6,
        "Togo": 129.26,
        "Turkey": 54.41,
        "Turkmenistan": 31.62,
        "Uganda": 64.51,
        "Ukraine": 134.87,
        "United Arab Emirates": 13.07,
        "United Kingdom": 167.44,
        "United States": 430.09,
        "Uzbekistan": 84.04,
        "Venezuela": 59.04,
        "Vietnam": 117.97,
        "Yemen": 45.9,
        "Zambia": 200.89,
        "Zimbabwe": 35.39
    },
    "country_profit": {
        "Afghanistan": 4.59,
        "Albania": 23.61,
        "Algeria": 51.56,
        "Angola": 55.16,
        "Argentina": -15.53,
        "Australia": 11.22,
        "Austria": 22.18,
        "Azerbaijan": 24.24,
        "Bahrain": 3.12,
        "Bangladesh": 52.48,
        "Belarus": 9.84,
        "Belgium": 5.94,
        "Bolivia": 45.85,
        "Brazil": -1.36,
        "Bulgaria": 11.43,
        "Cambodia": 31.84,
        "Cameroon": 57.36,
        "Canada": 24.31,
        "Chile": 58.4,
        "China": 35.84,
        "Colombia": 36.51,
        "Cote d'Ivoire": 59.64,
        "Croatia": 20.17,
        "Cuba": 30.17,
        "C\u00f4te-d'Ivoire": 59.64,
        "Democratic Republic of the Congo": 26.32,
        "Denmark": -57.54,
        "Djibouti": 86.58,
        "Dominican Republic": -53.86,
        "Egypt": 48.34,
        "El Salvador": 29.97,
        "Ethiopia": 53.22,
        "Finland": 47.25,
        "France": 10.34,
        "Georgia": 66.6,
        "Germany": 25.67,
        "Ghana": 16.9,
        "Guatemala": 14.36,
        "Guinea": 55.98,
        "Guinea-Bissau": 5.94,
        "Guyana": 87.88,
        "Haiti": -36.57,
        "Honduras": -33.21,
        "Hungary": 50.95,
        "India": 36.98,
        "Indonesia": 16.99,
        "Iran": 28.3,
        "Iraq": 36.5,
        "Ireland": -55.28,
        "Israel": 29.02,
        "Italy": -38.5,
        "Japan": 27.33,
        "Jordan": 24.33,
        "Kazakhstan": -35.02,
        "Kenya": 24.02,
        "Kyrgyzstan": 108.9,
        "Lebanon": 62.43,
        "Libya": 11.34,
        "Lithuania": -41.21,
        "Madagascar": 66.52,
        "Malaysia": 37.81,
        "Mali": 68.04,
        "Martinique": 6.44,
        "Mauritania": 29.88,
        "Mexico": 25.91,
        "Moldova": 31.41,
        "Morocco": 42.24,
        "Mozambique": 49.98,
        "Myanmar (Burma)": 5.77,
        "Netherlands": -47.54,
        "New Zealand": 7.97,
        "Nicaragua": 54.71,
        "Niger": 23.79,
        "Nigeria": -73.1,
        "Norway": 35.23,
        "Pakistan": -40.68,
        "Panama": -38.94,
        "Paraguay": 10.0,
        "Philippines": -7.91,
        "Poland": 34.58,
        "Portugal": -54.7,
        "Qatar": 36.99,
        "Romania": 35.17,
        "Russia": 40.15,
        "Rwanda": 16.24,
        "Saudi Arabia": 26.94,
        "Senegal": 32.62,
        "Sierra Leone": 5.79,
        "Singapore": 23.47,
        "South Africa": 35.24,
        "South Korea": -35.6,
        "Spain": 14.36,
        "Sudan": 21.37,
        "Sweden": -53.59,
        "Switzerland": 45.21,
        "Syria": 1.72,
        "Taiwan": 22.74,
        "Tanzania": 17.01,
        "Thailand": 15.6,
        "Togo": 28.42,
        "Turkey": -49.29,
        "Turkmenistan": -49.86,
        "Uganda": -108.91,
        "Ukraine": 31.65,
        "United Arab Emirates": -14.83,
        "United Kingdom": 36.58,
        "United States": 7.69,
        "Uzbekistan": 10.65,
        "Venezuela": -17.79,
        "Vietnam": 11.41,
        "Yemen": -84.95,
        "Zambia": 42.08,
        "Zimbabwe": -51.38
    },
    "country_profit_margin": {
        "Afghanistan": 0.04,
        "Albania": 0.15,
        "Algeria": 0.27,
        "Angola": 0.4,
        "Argentina": -0.31,
        "Australia": 0.08,
        "Austria": 0.24,
        "Azerbaijan": 0.47,
        "Bahrain": 0.01,
        "Bangladesh": 0.33,
        "Belarus": 0.05,
        "Belgium": 0.08,
        "Bolivia": 0.32,
        "Brazil": -0.02,
        "Bulgaria": 0.04,
        "Cambodia": 0.32,
        "Cameroon": 0.22,
        "Canada": 0.14,
        "Chile": 0.41,
        "China": 0.23,
        "Colombia": 0.3,
        "Cote d'Ivoire": 0.26,
        "Croatia": 0.22,
        "Cuba": 0.31,
        "C\u00f4te-d'Ivoire": 0.26,
        "Democratic Republic of the Congo": 0.14,
        "Denmark": -0.62,
        "Djibouti": 0.28,
        "Dominican Republic": -1.55,
        "Egypt": 0.2,
        "El Salvador": 0.25,
        "Ethiopia": 0.44,
        "Finland": 0.16,
        "France": 0.07,
        "Georgia": 0.25,
        "Germany": 0.18,
        "Ghana": 0.25,
        "Guatemala": 0.19,
        "Guinea": 0.21,
        "Guinea-Bissau": 0.08,
        "Guyana": 0.5,
        "Haiti": -1.79,
        "Honduras": -1.25,
        "Hungary": 0.25,
        "India": 0.2,
        "Indonesia": 0.13,
        "Iran": 0.22,
        "Iraq": 0.26,
        "Ireland": -0.43,
        "Israel": 0.19,
        "Italy": -0.39,
        "Japan": 0.22,
        "Jordan": 0.14,
        "Kazakhstan": -0.93,
        "Kenya": 0.18,
        "Kyrgyzstan": 0.43,
        "Lebanon": 0.2,
        "Libya": 0.14,
        "Lithuania": -1.03,
        "Madagascar": 0.34,
        "Malaysia": 0.31,
        "Mali": 0.3,
        "Martinique": 0.08,
        "Mauritania": 0.41,
        "Mexico": 0.27,
        "Moldova": 0.26,
        "Morocco": 0.22,
        "Mozambique": 0.34,
        "Myanmar (Burma)": 0.06,
        "Netherlands": -0.63,
        "New Zealand": 0.06,
        "Nicaragua": 0.28,
        "Niger": 0.14,
        "Nigeria": -1.63,
        "Norway": 0.17,
        "Pakistan": -0.54,
        "Panama": -1.17,
        "Paraguay": 0.18,
        "Philippines": -0.07,
        "Poland": 0.25,
        "Portugal": -0.67,
        "Qatar": 0.31,
        "Romania": 0.21,
        "Russia": 0.27,
        "Rwanda": 0.1,
        "Saudi Arabia": 0.17,
        "Senegal": 0.22,
        "Sierra Leone": 0.06,
        "Singapore": 0.4,
        "South Africa": 0.17,
        "South Korea": -0.55,
        "Spain": 0.1,
        "Sudan": 0.18,
        "Sweden": -0.46,
        "Switzerland": 0.29,
        "Syria": 0.03,
        "Taiwan": 0.46,
        "Tanzania": 0.19,
        "Thailand": 0.13,
        "Togo": 0.22,
        "Turkey": -0.91,
        "Turkmenistan": -1.58,
        "Uganda": -1.69,
        "Ukraine": 0.23,
        "United Arab Emirates": -1.13,
        "United Kingdom": 0.22,
        "United States": 0.02,
        "Uzbekistan": 0.13,
        "Venezuela": -0.3,
        "Vietnam": 0.1,
        "Yemen": -1.85,
        "Zambia": 0.21,
        "Zimbabwe": -1.45
    },
    "top_10_states": {
        "England": [
            142,
            0.05
        ],
        "Ile-de-France": [
            114,
            0.04
        ],
        "North Rhine-Westphalia": [
            58,
            0.02
        ],
        "Victoria": [
            50,
            0.02
        ],
        "New South Wales": [
            46,
            0.02
        ],
        "California": [
            46,
            0.02
        ],
        "Istanbul": [
            44,
            0.01
        ],
        "Provence-Alpes-C\u00f4te d'Azur": [
            42,
            0.01
        ],
        "Queensland": [
            36,
            0.01
        ],
        "Lagos": [
            34,
            0.01
        ]
    },
    "top_10_states_values": [
        142,
        114,
        58,
        50,
        46,
        46,
        44,
        42,
        36,
        34
    ],
    "top_10_cities": {
        "Manila": [
            40,
            0.01
        ],
        "Lagos": [
            34,
            0.01
        ],
        "London": [
            32,
            0.01
        ],
        "Istanbul": [
            32,
            0.01
        ],
        "Kinshasa": [
            26,
            0.01
        ],
        "New York City": [
            24,
            0.01
        ],
        "Jakarta": [
            24,
            0.01
        ],
        "Vienna": [
            24,
            0.01
        ],
        "Paris": [
            24,
            0.01
        ],
        "Los Angeles": [
            22,
            0.01
        ]
    },
    "top_10_cities_values": [
        40,
        34,
        32,
        32,
        26,
        24,
        24,
        24,
        24,
        22
    ],
    "yearly_sales": {
        "2011": 160545.6814,
        "2012": 159858.9511,
        "2013": 198376.1987,
        "2014": 420824.91730000003,
        "2015": 159858.9511,
        "2016": 198376.1987,
        "2017": 260279.2359
    },
    "monthly_trend": {
        "April": {
            "2011": 4170.328,
            "2012": 5605.3469000000005,
            "2013": 17276.2315,
            "2014": 23403.184800000003,
            "2015": 5605.3469000000005,
            "2016": 17276.2315,
            "2017": 19232.8568
        },
        "August": {
            "2011": 8041.9348,
            "2012": 16647.8825,
            "2013": 17620.940000000002,
            "2014": 34733.3291,
            "2015": 16647.8825,
            "2016": 17620.94,
            "2017": 25975.4743
        },
        "December": {
            "2011": 21722.7595,
            "2012": 21361.3535,
            "2013": 19683.823,
            "2014": 46422.387200000005,
            "2015": 21361.3535,
            "2016": 19683.823,
            "2017": 24699.6277
        },
        "February": {
            "2011": 6953.7155999999995,
            "2012": 4648.3608,
            "2013": 13743.686000000002,
            "2014": 16508.3336,
            "2015": 4648.3607999999995,
            "2016": 13743.686000000002,
            "2017": 8805.92
        },
        "January": {
            "2011": 7102.682500000001,
            "2012": 11919.057,
            "2013": 4509.3935,
            "2014": 28910.060400000002,
            "2015": 11919.057,
            "2016": 4509.3935,
            "2017": 21807.3779
        },
        "July": {
            "2011": 6527.334600000001,
            "2012": 10176.763500000001,
            "2013": 6931.2983,
            "2014": 22762.383100000003,
            "2015": 10176.7635,
            "2016": 6931.2983,
            "2017": 15718.0885
        },
        "June": {
            "2011": 8664.715400000001,
            "2012": 12796.058500000001,
            "2013": 32300.959100000004,
            "2014": 32829.6387,
            "2015": 12796.0585,
            "2016": 32300.9591,
            "2017": 24164.9233
        },
        "March": {
            "2011": 31761.1412,
            "2012": 8325.013200000001,
            "2013": 15282.629,
            "2014": 39858.4868,
            "2015": 8325.0132,
            "2016": 15282.629,
            "2017": 8846.043599999999
        },
        "May": {
            "2011": 6718.359000000001,
            "2012": 13569.895400000001,
            "2013": 21039.5896,
            "2014": 17918.0875,
            "2015": 13569.8954,
            "2016": 21039.5896,
            "2017": 11199.7285
        },
        "November": {
            "2011": 18145.590200000002,
            "2012": 25473.148200000003,
            "2013": 18516.595,
            "2014": 58946.7667,
            "2015": 25473.1482,
            "2016": 18516.595,
            "2017": 41362.3205
        },
        "October": {
            "2011": 8912.796200000003,
            "2012": 14390.0452,
            "2013": 19671.1984,
            "2014": 44633.9325,
            "2015": 14390.045199999999,
            "2016": 19671.1984,
            "2017": 35159.9923
        },
        "September": {
            "2011": 31824.3244,
            "2012": 14946.0264,
            "2013": 11799.855300000001,
            "2014": 53898.3269,
            "2015": 14946.0264,
            "2016": 11799.8553,
            "2017": 23306.8825
        }
    },
    "shipping_delay_stats": {
        "mean": 4.0,
        "median": 4.0,
        "max": 7
    },
    "top_10_products_by_sales": {
        "Okidata Inkjet, Wireless": 46008.6024,
        "Cisco TelePresence System EX90 Videoconferencing Unit": 45276.96,
        "Konica Inkjet, Wireless": 39822.752,
        "HP Designjet T520 Inkjet Large Format Printer - 24\" Color": 36749.79,
        "Konica Inkjet, White": 34657.7028,
        "Lexmark MX611dhe Monochrome Laser Printer": 33659.801999999996,
        "Epson Inkjet, Wireless": 32846.6952,
        "StarTech Inkjet, Wireless": 31278.247,
        "3D Systems Cube Printer, 2nd Generation, Magenta": 28599.78,
        "Okidata Printer, White": 25735.4622
    },
    "top_10_products_by_profit": {
        "Konica Inkjet, White": 8915.4428,
        "HP Designjet T520 Inkjet Large Format Printer - 24\" Color": 8189.953199999999,
        "Ativa V4110MDD Micro-Cut Shredder": 7545.8922,
        "3D Systems Cube Printer, 2nd Generation, Magenta": 7435.9428,
        "Zebra ZM400 Thermal Label Printer": 6687.072,
        "Okidata Inkjet, Wireless": 6629.9024,
        "Epson Inkjet, Durable": 5701.518,
        "Konica Inkjet, Wireless": 5045.672,
        "Konica Printer, White": 4828.995,
        "StarTech Inkjet, White": 4710.576
    },
    "top_10_products_by_turnover": {
        "Okidata Inkjet, Wireless": 176,
        "Konica Phone, Wireless": 158,
        "Konica Inkjet, Wireless": 152,
        "StarTech Card Printer, White": 144,
        "Epson Card Printer, Durable": 138,
        "Epson Inkjet, Wireless": 134,
        "Konica Card Printer, Red": 134,
        "StarTech Calculator, Red": 130,
        "Okidata Card Printer, White": 126,
        "Epson Phone, Durable": 124
    },
    "top_5_loss_products": {
        "Cubify CubeX 3D Printer Double Head Print": -18479.938400000003,
        "Lexmark MX611dhe Monochrome Laser Printer": -10539.938000000004,
        "Cubify CubeX 3D Printer Triple Head Print": -7679.980799999999,
        "Okidata Inkjet, Wireless": -5172.8640000000005,
        "Epson Inkjet, Wireless": -4409.646000000001
    },
    "product_performance": [
        {
            "Product Name": "Okidata Inkjet, Wireless",
            "total_sales": 46008.6024,
            "total_quantity": 176,
            "average_price": 884.7808153846155,
            "total_profit": 6629.9024,
            "profit_margin": 0.14410136483519873
        },
        {
            "Product Name": "Cisco TelePresence System EX90 Videoconferencing Unit",
            "total_sales": 45276.96,
            "total_quantity": 12,
            "average_price": 22638.48,
            "total_profit": -3622.156800000002,
            "profit_margin": -0.08000000000000004
        },
        {
            "Product Name": "Konica Inkjet, Wireless",
            "total_sales": 39822.752,
            "total_quantity": 152,
            "average_price": 905.0625454545454,
            "total_profit": 5045.672,
            "profit_margin": 0.12670324743001185
        },
        {
            "Product Name": "HP Designjet T520 Inkjet Large Format Printer - 24\" Color",
            "total_sales": 36749.79,
            "total_quantity": 24,
            "average_price": 6124.965,
            "total_profit": 8189.953199999999,
            "profit_margin": 0.22285714285714284
        },
        {
            "Product Name": "Konica Inkjet, White",
            "total_sales": 34657.7028,
            "total_quantity": 124,
            "average_price": 962.7139666666667,
            "total_profit": 8915.4428,
            "profit_margin": 0.25724275066494023
        },
        {
            "Product Name": "Lexmark MX611dhe Monochrome Laser Printer",
            "total_sales": 33659.801999999996,
            "total_quantity": 36,
            "average_price": 4207.4752499999995,
            "total_profit": -9179.946000000004,
            "profit_margin": -0.2727272727272729
        },
        {
            "Product Name": "Epson Inkjet, Wireless",
            "total_sales": 32846.6952,
            "total_quantity": 134,
            "average_price": 821.1673800000001,
            "total_profit": -453.0648000000004,
            "profit_margin": -0.013793314585876522
        },
        {
            "Product Name": "StarTech Inkjet, Wireless",
            "total_sales": 31278.247,
            "total_quantity": 118,
            "average_price": 679.9618913043478,
            "total_profit": -132.75300000000055,
            "profit_margin": -0.0042442595967734555
        },
        {
            "Product Name": "3D Systems Cube Printer, 2nd Generation, Magenta",
            "total_sales": 28599.78,
            "total_quantity": 22,
            "average_price": 7149.945,
            "total_profit": 7435.9428,
            "profit_margin": 0.26
        },
        {
            "Product Name": "Okidata Printer, White",
            "total_sales": 25735.4622,
            "total_quantity": 116,
            "average_price": 714.87395,
            "total_profit": -1865.3778000000002,
            "profit_margin": -0.0724827782576215
        },
        {
            "Product Name": "Panasonic Inkjet, Red",
            "total_sales": 23749.631999999998,
            "total_quantity": 90,
            "average_price": 989.5679999999999,
            "total_profit": 494.23199999999997,
            "profit_margin": 0.02081009086793429
        },
        {
            "Product Name": "Okidata Inkjet, White",
            "total_sales": 22659.0,
            "total_quantity": 84,
            "average_price": 755.3,
            "total_profit": -288.24000000000046,
            "profit_margin": -0.012720773202700934
        },
        {
            "Product Name": "Cubify CubeX 3D Printer Double Head Print",
            "total_sales": 22199.926,
            "total_quantity": 18,
            "average_price": 3699.9876666666664,
            "total_profit": -17759.9408,
            "profit_margin": -0.8
        },
        {
            "Product Name": "Epson Printer, Durable",
            "total_sales": 20844.04,
            "total_quantity": 92,
            "average_price": 744.4300000000001,
            "total_profit": 3959.6800000000003,
            "profit_margin": 0.1899670121531143
        },
        {
            "Product Name": "Panasonic Inkjet, White",
            "total_sales": 20803.500000000004,
            "total_quantity": 84,
            "average_price": 945.6136363636365,
            "total_profit": -25.26000000000043,
            "profit_margin": -0.0012142187612661536
        },
        {
            "Product Name": "Epson Card Printer, Durable",
            "total_sales": 20612.484,
            "total_quantity": 138,
            "average_price": 572.569,
            "total_profit": 4202.604,
            "profit_margin": 0.20388634382930268
        },
        {
            "Product Name": "Okidata Printer, Wireless",
            "total_sales": 20329.030000000002,
            "total_quantity": 96,
            "average_price": 597.9126470588236,
            "total_profit": -372.85000000000025,
            "profit_margin": -0.018340766873776084
        },
        {
            "Product Name": "Epson Inkjet, Durable",
            "total_sales": 19195.038,
            "total_quantity": 68,
            "average_price": 959.7519,
            "total_profit": 5701.518,
            "profit_margin": 0.2970308264041988
        },
        {
            "Product Name": "Okidata Inkjet, Durable",
            "total_sales": 18869.3538,
            "total_quantity": 66,
            "average_price": 725.744376923077,
            "total_profit": -550.4862000000002,
            "profit_margin": -0.029173558662088372
        },
        {
            "Product Name": "Panasonic Printer, Wireless",
            "total_sales": 18627.651,
            "total_quantity": 82,
            "average_price": 716.4481153846154,
            "total_profit": 3452.0309999999995,
            "profit_margin": 0.18531756902681928
        }
    ],
    "most_ordered_products_by_date": [
        {
            "Year_Month": "2011-01",
            "Product Name": "Konica Inkjet, White",
            "total_sales": 1149.1830000000002,
            "total_quantity": 4
        },
        {
            "Year_Month": "2011-01",
            "Product Name": "Okidata Inkjet, Wireless",
            "total_sales": 314.22,
            "total_quantity": 1
        },
        {
            "Year_Month": "2011-03",
            "Product Name": "Cisco TelePresence System EX90 Videoconferencing Unit",
            "total_sales": 22638.48,
            "total_quantity": 6
        },
        {
            "Year_Month": "2011-05",
            "Product Name": "Okidata Inkjet, Wireless",
            "total_sales": 1413.4500000000005,
            "total_quantity": 5
        },
        {
            "Year_Month": "2011-06",
            "Product Name": "Okidata Inkjet, Wireless",
            "total_sales": 628.44,
            "total_quantity": 2
        },
        {
            "Year_Month": "2011-09",
            "Product Name": "HP Designjet T520 Inkjet Large Format Printer - 24\" Color",
            "total_sales": 2624.985,
            "total_quantity": 3
        },
        {
            "Year_Month": "2011-09",
            "Product Name": "Konica Inkjet, White",
            "total_sales": 1366.596,
            "total_quantity": 6
        },
        {
            "Year_Month": "2011-09",
            "Product Name": "Konica Inkjet, Wireless",
            "total_sales": 1253.76,
            "total_quantity": 4
        },
        {
            "Year_Month": "2011-11",
            "Product Name": "Konica Inkjet, White",
            "total_sales": 1320.0075000000002,
            "total_quantity": 5
        },
        {
            "Year_Month": "2011-11",
            "Product Name": "Okidata Inkjet, Wireless",
            "total_sales": 732.9000000000001,
            "total_quantity": 3
        },
        {
            "Year_Month": "2011-12",
            "Product Name": "HP Designjet T520 Inkjet Large Format Printer - 24\" Color",
            "total_sales": 6999.96,
            "total_quantity": 4
        },
        {
            "Year_Month": "2012-04",
            "Product Name": "Konica Inkjet, Wireless",
            "total_sales": 208.96,
            "total_quantity": 1
        },
        {
            "Year_Month": "2012-04",
            "Product Name": "Okidata Inkjet, Wireless",
            "total_sales": 439.86,
            "total_quantity": 3
        },
        {
            "Year_Month": "2012-05",
            "Product Name": "Konica Inkjet, White",
            "total_sales": 792.0045,
            "total_quantity": 3
        },
        {
            "Year_Month": "2012-05",
            "Product Name": "Okidata Inkjet, Wireless",
            "total_sales": 314.1,
            "total_quantity": 1
        },
        {
            "Year_Month": "2012-06",
            "Product Name": "Konica Inkjet, Wireless",
            "total_sales": 846.6120000000001,
            "total_quantity": 3
        },
        {
            "Year_Month": "2012-06",
            "Product Name": "Okidata Inkjet, Wireless",
            "total_sales": 2198.7000000000003,
            "total_quantity": 7
        },
        {
            "Year_Month": "2012-07",
            "Product Name": "Okidata Inkjet, Wireless",
            "total_sales": 2402.865,
            "total_quantity": 9
        },
        {
            "Year_Month": "2012-08",
            "Product Name": "Okidata Inkjet, Wireless",
            "total_sales": 314.1,
            "total_quantity": 1
        },
        {
            "Year_Month": "2012-09",
            "Product Name": "Konica Inkjet, White",
            "total_sales": 1677.1860000000004,
            "total_quantity": 6
        },
        {
            "Year_Month": "2012-09",
            "Product Name": "Okidata Inkjet, Wireless",
            "total_sales": 628.44,
            "total_quantity": 2
        },
        {
            "Year_Month": "2012-10",
            "Product Name": "Konica Inkjet, Wireless",
            "total_sales": 313.56,
            "total_quantity": 1
        },
        {
            "Year_Month": "2012-10",
            "Product Name": "Okidata Inkjet, Wireless",
            "total_sales": 1825.6182,
            "total_quantity": 7
        },
        {
            "Year_Month": "2012-11",
            "Product Name": "Konica Inkjet, Wireless",
            "total_sales": 2821.2000000000003,
            "total_quantity": 9
        },
        {
            "Year_Month": "2013-02",
            "Product Name": "HP Designjet T520 Inkjet Large Format Printer - 24\" Color",
            "total_sales": 8749.95,
            "total_quantity": 5
        },
        {
            "Year_Month": "2013-02",
            "Product Name": "Okidata Inkjet, Wireless",
            "total_sales": 1508.256,
            "total_quantity": 8
        },
        {
            "Year_Month": "2013-03",
            "Product Name": "Konica Inkjet, White",
            "total_sales": 621.1800000000001,
            "total_quantity": 2
        },
        {
            "Year_Month": "2013-04",
            "Product Name": "Konica Inkjet, White",
            "total_sales": 621.1800000000001,
            "total_quantity": 2
        },
        {
            "Year_Month": "2013-05",
            "Product Name": "Konica Inkjet, Wireless",
            "total_sales": 799.2719999999999,
            "total_quantity": 3
        },
        {
            "Year_Month": "2013-06",
            "Product Name": "Konica Inkjet, White",
            "total_sales": 1447.3494,
            "total_quantity": 5
        },
        {
            "Year_Month": "2013-06",
            "Product Name": "Okidata Inkjet, Wireless",
            "total_sales": 418.80000000000007,
            "total_quantity": 2
        },
        {
            "Year_Month": "2013-08",
            "Product Name": "Konica Inkjet, Wireless",
            "total_sales": 94.068,
            "total_quantity": 1
        },
        {
            "Year_Month": "2013-09",
            "Product Name": "Konica Inkjet, Wireless",
            "total_sales": 1567.2,
            "total_quantity": 5
        },
        {
            "Year_Month": "2013-10",
            "Product Name": "Konica Inkjet, Wireless",
            "total_sales": 376.128,
            "total_quantity": 6
        },
        {
            "Year_Month": "2013-11",
            "Product Name": "Okidata Inkjet, Wireless",
            "total_sales": 628.44,
            "total_quantity": 4
        },
        {
            "Year_Month": "2013-12",
            "Product Name": "Konica Inkjet, White",
            "total_sales": 1035.3,
            "total_quantity": 5
        },
        {
            "Year_Month": "2013-12",
            "Product Name": "Konica Inkjet, Wireless",
            "total_sales": 94.032,
            "total_quantity": 1
        },
        {
            "Year_Month": "2013-12",
            "Product Name": "Okidata Inkjet, Wireless",
            "total_sales": 1728.21,
            "total_quantity": 7
        },
        {
            "Year_Month": "2014-01",
            "Product Name": "Konica Inkjet, White",
            "total_sales": 1149.183,
            "total_quantity": 4
        },
        {
            "Year_Month": "2014-01",
            "Product Name": "Konica Inkjet, Wireless",
            "total_sales": 846.288,
            "total_quantity": 3
        },
        {
            "Year_Month": "2014-01",
            "Product Name": "Okidata Inkjet, Wireless",
            "total_sales": 314.22,
            "total_quantity": 1
        },
        {
            "Year_Month": "2014-02",
            "Product Name": "Konica Inkjet, Wireless",
            "total_sales": 1128.384,
            "total_quantity": 4
        },
        {
            "Year_Month": "2014-03",
            "Product Name": "Cisco TelePresence System EX90 Videoconferencing Unit",
            "total_sales": 22638.48,
            "total_quantity": 6
        },
        {
            "Year_Month": "2014-03",
            "Product Name": "Okidata Inkjet, Wireless",
            "total_sales": 1884.6,
            "total_quantity": 6
        },
        {
            "Year_Month": "2014-04",
            "Product Name": "Konica Inkjet, Wireless",
            "total_sales": 1599.156,
            "total_quantity": 6
        },
        {
            "Year_Month": "2014-05",
            "Product Name": "Konica Inkjet, White",
            "total_sales": 2174.13,
            "total_quantity": 7
        },
        {
            "Year_Month": "2014-05",
            "Product Name": "Konica Inkjet, Wireless",
            "total_sales": 846.288,
            "total_quantity": 3
        },
        {
            "Year_Month": "2014-05",
            "Product Name": "Okidata Inkjet, Wireless",
            "total_sales": 1413.45,
            "total_quantity": 5
        },
        {
            "Year_Month": "2014-06",
            "Product Name": "Konica Inkjet, White",
            "total_sales": 559.0620000000001,
            "total_quantity": 2
        },
        {
            "Year_Month": "2014-06",
            "Product Name": "Okidata Inkjet, Wireless",
            "total_sales": 628.44,
            "total_quantity": 2
        },
        {
            "Year_Month": "2014-07",
            "Product Name": "Konica Inkjet, Wireless",
            "total_sales": 313.44,
            "total_quantity": 1
        },
        {
            "Year_Month": "2014-08",
            "Product Name": "Konica Inkjet, White",
            "total_sales": 1863.54,
            "total_quantity": 6
        },
        {
            "Year_Month": "2014-08",
            "Product Name": "Konica Inkjet, Wireless",
            "total_sales": 1316.448,
            "total_quantity": 7
        },
        {
            "Year_Month": "2014-08",
            "Product Name": "Okidata Inkjet, Wireless",
            "total_sales": 502.75200000000007,
            "total_quantity": 3
        },
        {
            "Year_Month": "2014-09",
            "Product Name": "HP Designjet T520 Inkjet Large Format Printer - 24\" Color",
            "total_sales": 2624.985,
            "total_quantity": 3
        },
        {
            "Year_Month": "2014-09",
            "Product Name": "Konica Inkjet, White",
            "total_sales": 2608.956,
            "total_quantity": 10
        },
        {
            "Year_Month": "2014-09",
            "Product Name": "Konica Inkjet, Wireless",
            "total_sales": 1253.76,
            "total_quantity": 4
        },
        {
            "Year_Month": "2014-09",
            "Product Name": "Okidata Inkjet, Wireless",
            "total_sales": 1476.2700000000002,
            "total_quantity": 5
        },
        {
            "Year_Month": "2014-10",
            "Product Name": "Konica Inkjet, White",
            "total_sales": 528.003,
            "total_quantity": 2
        },
        {
            "Year_Month": "2014-10",
            "Product Name": "Okidata Inkjet, Wireless",
            "total_sales": 1885.32,
            "total_quantity": 6
        },
        {
            "Year_Month": "2014-11",
            "Product Name": "Konica Inkjet, White",
            "total_sales": 1320.0075,
            "total_quantity": 5
        },
        {
            "Year_Month": "2014-11",
            "Product Name": "Konica Inkjet, Wireless",
            "total_sales": 3605.94,
            "total_quantity": 12
        },
        {
            "Year_Month": "2014-11",
            "Product Name": "Okidata Inkjet, Wireless",
            "total_sales": 2491.86,
            "total_quantity": 9
        },
        {
            "Year_Month": "2014-12",
            "Product Name": "HP Designjet T520 Inkjet Large Format Printer - 24\" Color",
            "total_sales": 6999.96,
            "total_quantity": 4
        },
        {
            "Year_Month": "2014-12",
            "Product Name": "Konica Inkjet, White",
            "total_sales": 931.77,
            "total_quantity": 3
        },
        {
            "Year_Month": "2014-12",
            "Product Name": "Konica Inkjet, Wireless",
            "total_sales": 1880.64,
            "total_quantity": 6
        },
        {
            "Year_Month": "2015-04",
            "Product Name": "Konica Inkjet, Wireless",
            "total_sales": 208.96,
            "total_quantity": 1
        },
        {
            "Year_Month": "2015-04",
            "Product Name": "Okidata Inkjet, Wireless",
            "total_sales": 439.86,
            "total_quantity": 3
        },
        {
            "Year_Month": "2015-05",
            "Product Name": "Konica Inkjet, White",
            "total_sales": 792.0045,
            "total_quantity": 3
        },
        {
            "Year_Month": "2015-05",
            "Product Name": "Okidata Inkjet, Wireless",
            "total_sales": 314.1,
            "total_quantity": 1
        },
        {
            "Year_Month": "2015-06",
            "Product Name": "Konica Inkjet, Wireless",
            "total_sales": 846.612,
            "total_quantity": 3
        },
        {
            "Year_Month": "2015-06",
            "Product Name": "Okidata Inkjet, Wireless",
            "total_sales": 2198.7,
            "total_quantity": 7
        },
        {
            "Year_Month": "2015-07",
            "Product Name": "Okidata Inkjet, Wireless",
            "total_sales": 2402.865,
            "total_quantity": 9
        },
        {
            "Year_Month": "2015-08",
            "Product Name": "Okidata Inkjet, Wireless",
            "total_sales": 314.1,
            "total_quantity": 1
        },
        {
            "Year_Month": "2015-09",
            "Product Name": "Konica Inkjet, White",
            "total_sales": 1677.186,
            "total_quantity": 6
        },
        {
            "Year_Month": "2015-09",
            "Product Name": "Okidata Inkjet, Wireless",
            "total_sales": 628.44,
            "total_quantity": 2
        },
        {
            "Year_Month": "2015-10",
            "Product Name": "Konica Inkjet, Wireless",
            "total_sales": 313.56,
            "total_quantity": 1
        },
        {
            "Year_Month": "2015-10",
            "Product Name": "Okidata Inkjet, Wireless",
            "total_sales": 1825.6182,
            "total_quantity": 7
        },
        {
            "Year_Month": "2015-11",
            "Product Name": "Konica Inkjet, Wireless",
            "total_sales": 2821.2000000000003,
            "total_quantity": 9
        },
        {
            "Year_Month": "2016-02",
            "Product Name": "HP Designjet T520 Inkjet Large Format Printer - 24\" Color",
            "total_sales": 8749.95,
            "total_quantity": 5
        },
        {
            "Year_Month": "2016-02",
            "Product Name": "Okidata Inkjet, Wireless",
            "total_sales": 1508.256,
            "total_quantity": 8
        },
        {
            "Year_Month": "2016-03",
            "Product Name": "Konica Inkjet, White",
            "total_sales": 621.18,
            "total_quantity": 2
        },
        {
            "Year_Month": "2016-04",
            "Product Name": "Konica Inkjet, White",
            "total_sales": 621.18,
            "total_quantity": 2
        },
        {
            "Year_Month": "2016-05",
            "Product Name": "Konica Inkjet, Wireless",
            "total_sales": 799.272,
            "total_quantity": 3
        },
        {
            "Year_Month": "2016-06",
            "Product Name": "Konica Inkjet, White",
            "total_sales": 1447.3494,
            "total_quantity": 5
        },
        {
            "Year_Month": "2016-06",
            "Product Name": "Okidata Inkjet, Wireless",
            "total_sales": 418.8,
            "total_quantity": 2
        },
        {
            "Year_Month": "2016-08",
            "Product Name": "Konica Inkjet, Wireless",
            "total_sales": 94.068,
            "total_quantity": 1
        },
        {
            "Year_Month": "2016-09",
            "Product Name": "Konica Inkjet, Wireless",
            "total_sales": 1567.2,
            "total_quantity": 5
        },
        {
            "Year_Month": "2016-10",
            "Product Name": "Konica Inkjet, Wireless",
            "total_sales": 376.128,
            "total_quantity": 6
        },
        {
            "Year_Month": "2016-11",
            "Product Name": "Okidata Inkjet, Wireless",
            "total_sales": 628.44,
            "total_quantity": 4
        },
        {
            "Year_Month": "2016-12",
            "Product Name": "Konica Inkjet, White",
            "total_sales": 1035.3,
            "total_quantity": 5
        },
        {
            "Year_Month": "2016-12",
            "Product Name": "Konica Inkjet, Wireless",
            "total_sales": 94.032,
            "total_quantity": 1
        },
        {
            "Year_Month": "2016-12",
            "Product Name": "Okidata Inkjet, Wireless",
            "total_sales": 1728.21,
            "total_quantity": 7
        },
        {
            "Year_Month": "2017-01",
            "Product Name": "Konica Inkjet, Wireless",
            "total_sales": 846.288,
            "total_quantity": 3
        },
        {
            "Year_Month": "2017-02",
            "Product Name": "Konica Inkjet, Wireless",
            "total_sales": 1128.384,
            "total_quantity": 4
        },
        {
            "Year_Month": "2017-03",
            "Product Name": "Okidata Inkjet, Wireless",
            "total_sales": 1884.6,
            "total_quantity": 6
        },
        {
            "Year_Month": "2017-04",
            "Product Name": "Konica Inkjet, Wireless",
            "total_sales": 1599.156,
            "total_quantity": 6
        },
        {
            "Year_Month": "2017-05",
            "Product Name": "Konica Inkjet, White",
            "total_sales": 2174.13,
            "total_quantity": 7
        },
        {
            "Year_Month": "2017-05",
            "Product Name": "Konica Inkjet, Wireless",
            "total_sales": 846.288,
            "total_quantity": 3
        },
        {
            "Year_Month": "2017-06",
            "Product Name": "Konica Inkjet, White",
            "total_sales": 559.062,
            "total_quantity": 2
        },
        {
            "Year_Month": "2017-07",
            "Product Name": "Konica Inkjet, Wireless",
            "total_sales": 313.44,
            "total_quantity": 1
        },
        {
            "Year_Month": "2017-08",
            "Product Name": "Konica Inkjet, White",
            "total_sales": 1863.54,
            "total_quantity": 6
        },
        {
            "Year_Month": "2017-08",
            "Product Name": "Konica Inkjet, Wireless",
            "total_sales": 1316.448,
            "total_quantity": 7
        },
        {
            "Year_Month": "2017-08",
            "Product Name": "Okidata Inkjet, Wireless",
            "total_sales": 502.75200000000007,
            "total_quantity": 3
        },
        {
            "Year_Month": "2017-09",
            "Product Name": "Konica Inkjet, White",
            "total_sales": 1242.36,
            "total_quantity": 4
        },
        {
            "Year_Month": "2017-09",
            "Product Name": "Okidata Inkjet, Wireless",
            "total_sales": 1476.27,
            "total_quantity": 5
        },
        {
            "Year_Month": "2017-10",
            "Product Name": "Konica Inkjet, White",
            "total_sales": 528.003,
            "total_quantity": 2
        },
        {
            "Year_Month": "2017-10",
            "Product Name": "Okidata Inkjet, Wireless",
            "total_sales": 1885.32,
            "total_quantity": 6
        },
        {
            "Year_Month": "2017-11",
            "Product Name": "Konica Inkjet, Wireless",
            "total_sales": 3605.94,
            "total_quantity": 12
        },
        {
            "Year_Month": "2017-11",
            "Product Name": "Okidata Inkjet, Wireless",
            "total_sales": 1758.96,
            "total_quantity": 6
        },
        {
            "Year_Month": "2017-12",
            "Product Name": "Konica Inkjet, White",
            "total_sales": 931.77,
            "total_quantity": 3
        },
        {
            "Year_Month": "2017-12",
            "Product Name": "Konica Inkjet, Wireless",
            "total_sales": 1880.64,
            "total_quantity": 6
        }
    ],
    "most_frequent_order_month": [
        {
            "Order Month": "2014-12",
            "Order Count": 107
        },
        {
            "Order Month": "2014-11",
            "Order Count": 101
        },
        {
            "Order Month": "2014-10",
            "Order Count": 82
        },
        {
            "Order Month": "2014-09",
            "Order Count": 82
        },
        {
            "Order Month": "2014-08",
            "Order Count": 74
        },
        {
            "Order Month": "2014-06",
            "Order Count": 74
        },
        {
            "Order Month": "2017-12",
            "Order Count": 67
        },
        {
            "Order Month": "2017-11",
            "Order Count": 65
        },
        {
            "Order Month": "2017-10",
            "Order Count": 59
        },
        {
            "Order Month": "2016-06",
            "Order Count": 57
        },
        {
            "Order Month": "2013-06",
            "Order Count": 57
        },
        {
            "Order Month": "2017-09",
            "Order Count": 54
        },
        {
            "Order Month": "2014-01",
            "Order Count": 54
        },
        {
            "Order Month": "2013-12",
            "Order Count": 53
        },
        {
            "Order Month": "2016-12",
            "Order Count": 53
        },
        {
            "Order Month": "2017-08",
            "Order Count": 51
        },
        {
            "Order Month": "2014-02",
            "Order Count": 49
        },
        {
            "Order Month": "2014-05",
            "Order Count": 47
        },
        {
            "Order Month": "2014-03",
            "Order Count": 47
        },
        {
            "Order Month": "2012-11",
            "Order Count": 46
        }
    ],
    "time_series_analysis": [
        {
            "Order Date": "2011-01",
            "Sales": 7102.682500000001,
            "Quantity": 48,
            "Sales_MA": NaN
        },
        {
            "Order Date": "2011-02",
            "Sales": 6953.7155999999995,
            "Quantity": 62,
            "Sales_MA": NaN
        },
        {
            "Order Date": "2011-03",
            "Sales": 31761.1412,
            "Quantity": 68,
            "Sales_MA": 15272.513099999998
        },
        {
            "Order Date": "2011-04",
            "Sales": 4170.328,
            "Quantity": 30,
            "Sales_MA": 14295.061599999999
        },
        {
            "Order Date": "2011-05",
            "Sales": 6718.359000000001,
            "Quantity": 63,
            "Sales_MA": 14216.609400000001
        },
        {
            "Order Date": "2011-06",
            "Sales": 8664.715400000001,
            "Quantity": 82,
            "Sales_MA": 6517.800800000001
        },
        {
            "Order Date": "2011-07",
            "Sales": 6527.334600000001,
            "Quantity": 48,
            "Sales_MA": 7303.469666666668
        },
        {
            "Order Date": "2011-08",
            "Sales": 8041.9348,
            "Quantity": 78,
            "Sales_MA": 7744.6616
        },
        {
            "Order Date": "2011-09",
            "Sales": 31824.3244,
            "Quantity": 99,
            "Sales_MA": 15464.531266666667
        },
        {
            "Order Date": "2011-10",
            "Sales": 8912.796200000003,
            "Quantity": 76,
            "Sales_MA": 16259.685133333334
        },
        {
            "Order Date": "2011-11",
            "Sales": 18145.590200000002,
            "Quantity": 141,
            "Sales_MA": 19627.57026666667
        },
        {
            "Order Date": "2011-12",
            "Sales": 21722.7595,
            "Quantity": 142,
            "Sales_MA": 16260.381966666668
        },
        {
            "Order Date": "2012-01",
            "Sales": 11919.057,
            "Quantity": 77,
            "Sales_MA": 17262.4689
        },
        {
            "Order Date": "2012-02",
            "Sales": 4648.3608,
            "Quantity": 39,
            "Sales_MA": 12763.392433333334
        },
        {
            "Order Date": "2012-03",
            "Sales": 8325.013200000001,
            "Quantity": 62,
            "Sales_MA": 8297.477
        },
        {
            "Order Date": "2012-04",
            "Sales": 5605.3469000000005,
            "Quantity": 46,
            "Sales_MA": 6192.906966666666
        },
        {
            "Order Date": "2012-05",
            "Sales": 13569.895400000001,
            "Quantity": 80,
            "Sales_MA": 9166.751833333334
        },
        {
            "Order Date": "2012-06",
            "Sales": 12796.058500000001,
            "Quantity": 108,
            "Sales_MA": 10657.100266666668
        },
        {
            "Order Date": "2012-07",
            "Sales": 10176.763500000001,
            "Quantity": 54,
            "Sales_MA": 12180.9058
        },
        {
            "Order Date": "2012-08",
            "Sales": 16647.8825,
            "Quantity": 101,
            "Sales_MA": 13206.9015
        },
        {
            "Order Date": "2012-09",
            "Sales": 14946.0264,
            "Quantity": 132,
            "Sales_MA": 13923.557466666667
        },
        {
            "Order Date": "2012-10",
            "Sales": 14390.0452,
            "Quantity": 104,
            "Sales_MA": 15327.9847
        },
        {
            "Order Date": "2012-11",
            "Sales": 25473.148200000003,
            "Quantity": 143,
            "Sales_MA": 18269.739933333334
        },
        {
            "Order Date": "2012-12",
            "Sales": 21361.3535,
            "Quantity": 143,
            "Sales_MA": 20408.1823
        },
        {
            "Order Date": "2013-01",
            "Sales": 4509.3935,
            "Quantity": 42,
            "Sales_MA": 17114.631733333335
        },
        {
            "Order Date": "2013-02",
            "Sales": 13743.686000000002,
            "Quantity": 40,
            "Sales_MA": 13204.811000000002
        },
        {
            "Order Date": "2013-03",
            "Sales": 15282.629,
            "Quantity": 69,
            "Sales_MA": 11178.5695
        },
        {
            "Order Date": "2013-04",
            "Sales": 17276.2315,
            "Quantity": 51,
            "Sales_MA": 15434.182166666667
        },
        {
            "Order Date": "2013-05",
            "Sales": 21039.5896,
            "Quantity": 106,
            "Sales_MA": 17866.150033333335
        },
        {
            "Order Date": "2013-06",
            "Sales": 32300.959100000004,
            "Quantity": 178,
            "Sales_MA": 23538.926733333337
        },
        {
            "Order Date": "2013-07",
            "Sales": 6931.2983,
            "Quantity": 61,
            "Sales_MA": 20090.61566666667
        },
        {
            "Order Date": "2013-08",
            "Sales": 17620.940000000002,
            "Quantity": 128,
            "Sales_MA": 18951.0658
        },
        {
            "Order Date": "2013-09",
            "Sales": 11799.855300000001,
            "Quantity": 80,
            "Sales_MA": 12117.364533333333
        },
        {
            "Order Date": "2013-10",
            "Sales": 19671.1984,
            "Quantity": 132,
            "Sales_MA": 16363.9979
        },
        {
            "Order Date": "2013-11",
            "Sales": 18516.595,
            "Quantity": 102,
            "Sales_MA": 16662.549566666665
        },
        {
            "Order Date": "2013-12",
            "Sales": 19683.823,
            "Quantity": 157,
            "Sales_MA": 19290.5388
        },
        {
            "Order Date": "2014-01",
            "Sales": 28910.060400000002,
            "Quantity": 169,
            "Sales_MA": 22370.159466666664
        },
        {
            "Order Date": "2014-02",
            "Sales": 16508.3336,
            "Quantity": 138,
            "Sales_MA": 21700.738999999998
        },
        {
            "Order Date": "2014-03",
            "Sales": 39858.4868,
            "Quantity": 144,
            "Sales_MA": 28425.626933333333
        },
        {
            "Order Date": "2014-04",
            "Sales": 23403.184800000003,
            "Quantity": 129,
            "Sales_MA": 26590.001733333334
        },
        {
            "Order Date": "2014-05",
            "Sales": 17918.0875,
            "Quantity": 147,
            "Sales_MA": 27059.9197
        },
        {
            "Order Date": "2014-06",
            "Sales": 32829.6387,
            "Quantity": 264,
            "Sales_MA": 24716.97033333333
        },
        {
            "Order Date": "2014-07",
            "Sales": 22762.383100000003,
            "Quantity": 161,
            "Sales_MA": 24503.369766666667
        },
        {
            "Order Date": "2014-08",
            "Sales": 34733.3291,
            "Quantity": 258,
            "Sales_MA": 30108.450299999997
        },
        {
            "Order Date": "2014-09",
            "Sales": 53898.3269,
            "Quantity": 263,
            "Sales_MA": 37131.346366666665
        },
        {
            "Order Date": "2014-10",
            "Sales": 44633.9325,
            "Quantity": 299,
            "Sales_MA": 44421.862833333325
        },
        {
            "Order Date": "2014-11",
            "Sales": 58946.7667,
            "Quantity": 354,
            "Sales_MA": 52493.0087
        },
        {
            "Order Date": "2014-12",
            "Sales": 46422.387200000005,
            "Quantity": 345,
            "Sales_MA": 50001.0288
        },
        {
            "Order Date": "2015-01",
            "Sales": 11919.057,
            "Quantity": 77,
            "Sales_MA": 39096.0703
        },
        {
            "Order Date": "2015-02",
            "Sales": 4648.3607999999995,
            "Quantity": 39,
            "Sales_MA": 20996.601666666666
        },
        {
            "Order Date": "2015-03",
            "Sales": 8325.0132,
            "Quantity": 62,
            "Sales_MA": 8297.476999999995
        },
        {
            "Order Date": "2015-04",
            "Sales": 5605.3469000000005,
            "Quantity": 46,
            "Sales_MA": 6192.906966666662
        },
        {
            "Order Date": "2015-05",
            "Sales": 13569.8954,
            "Quantity": 80,
            "Sales_MA": 9166.751833333328
        },
        {
            "Order Date": "2015-06",
            "Sales": 12796.0585,
            "Quantity": 108,
            "Sales_MA": 10657.10026666666
        },
        {
            "Order Date": "2015-07",
            "Sales": 10176.7635,
            "Quantity": 54,
            "Sales_MA": 12180.905799999993
        },
        {
            "Order Date": "2015-08",
            "Sales": 16647.8825,
            "Quantity": 101,
            "Sales_MA": 13206.901499999993
        },
        {
            "Order Date": "2015-09",
            "Sales": 14946.0264,
            "Quantity": 132,
            "Sales_MA": 13923.55746666666
        },
        {
            "Order Date": "2015-10",
            "Sales": 14390.045199999999,
            "Quantity": 104,
            "Sales_MA": 15327.984699999995
        },
        {
            "Order Date": "2015-11",
            "Sales": 25473.1482,
            "Quantity": 143,
            "Sales_MA": 18269.739933333327
        },
        {
            "Order Date": "2015-12",
            "Sales": 21361.3535,
            "Quantity": 143,
            "Sales_MA": 20408.182299999997
        },
        {
            "Order Date": "2016-01",
            "Sales": 4509.3935,
            "Quantity": 42,
            "Sales_MA": 17114.63173333333
        },
        {
            "Order Date": "2016-02",
            "Sales": 13743.686000000002,
            "Quantity": 40,
            "Sales_MA": 13204.810999999996
        },
        {
            "Order Date": "2016-03",
            "Sales": 15282.629,
            "Quantity": 69,
            "Sales_MA": 11178.569499999996
        },
        {
            "Order Date": "2016-04",
            "Sales": 17276.2315,
            "Quantity": 51,
            "Sales_MA": 15434.182166666664
        },
        {
            "Order Date": "2016-05",
            "Sales": 21039.5896,
            "Quantity": 106,
            "Sales_MA": 17866.150033333328
        },
        {
            "Order Date": "2016-06",
            "Sales": 32300.9591,
            "Quantity": 178,
            "Sales_MA": 23538.926733333326
        },
        {
            "Order Date": "2016-07",
            "Sales": 6931.2983,
            "Quantity": 61,
            "Sales_MA": 20090.61566666666
        },
        {
            "Order Date": "2016-08",
            "Sales": 17620.94,
            "Quantity": 128,
            "Sales_MA": 18951.065799999993
        },
        {
            "Order Date": "2016-09",
            "Sales": 11799.8553,
            "Quantity": 80,
            "Sales_MA": 12117.364533333326
        },
        {
            "Order Date": "2016-10",
            "Sales": 19671.1984,
            "Quantity": 132,
            "Sales_MA": 16363.997899999993
        },
        {
            "Order Date": "2016-11",
            "Sales": 18516.595,
            "Quantity": 102,
            "Sales_MA": 16662.549566666665
        },
        {
            "Order Date": "2016-12",
            "Sales": 19683.823,
            "Quantity": 157,
            "Sales_MA": 19290.5388
        },
        {
            "Order Date": "2017-01",
            "Sales": 21807.3779,
            "Quantity": 121,
            "Sales_MA": 20002.59863333333
        },
        {
            "Order Date": "2017-02",
            "Sales": 8805.92,
            "Quantity": 70,
            "Sales_MA": 16765.70696666666
        },
        {
            "Order Date": "2017-03",
            "Sales": 8846.043599999999,
            "Quantity": 82,
            "Sales_MA": 13153.113833333327
        },
        {
            "Order Date": "2017-04",
            "Sales": 19232.8568,
            "Quantity": 99,
            "Sales_MA": 12294.940133333328
        },
        {
            "Order Date": "2017-05",
            "Sales": 11199.7285,
            "Quantity": 84,
            "Sales_MA": 13092.876299999996
        },
        {
            "Order Date": "2017-06",
            "Sales": 24164.9233,
            "Quantity": 182,
            "Sales_MA": 18199.16953333333
        },
        {
            "Order Date": "2017-07",
            "Sales": 15718.0885,
            "Quantity": 110,
            "Sales_MA": 17027.580099999996
        },
        {
            "Order Date": "2017-08",
            "Sales": 25975.4743,
            "Quantity": 179,
            "Sales_MA": 21952.828699999995
        },
        {
            "Order Date": "2017-09",
            "Sales": 23306.8825,
            "Quantity": 168,
            "Sales_MA": 21666.815099999996
        },
        {
            "Order Date": "2017-10",
            "Sales": 35159.9923,
            "Quantity": 213,
            "Sales_MA": 28147.449699999997
        },
        {
            "Order Date": "2017-11",
            "Sales": 41362.3205,
            "Quantity": 223,
            "Sales_MA": 33276.39843333333
        },
        {
            "Order Date": "2017-12",
            "Sales": 24699.6277,
            "Quantity": 203,
            "Sales_MA": 33740.646833333325
        }
    ],
    "customer_segmentation": [
        {
            "Customer Name": "Sean Miller",
            "total_spent": 49427.08,
            "purchase_frequency": 4,
            "average_order_value": 8237.846666666666
        },
        {
            "Customer Name": "Bill Shonely",
            "total_spent": 23005.59,
            "purchase_frequency": 4,
            "average_order_value": 5751.3975
        },
        {
            "Customer Name": "Becky Martin",
            "total_spent": 20624.1966,
            "purchase_frequency": 12,
            "average_order_value": 1718.6830499999999
        },
        {
            "Customer Name": "Sanjit Engle",
            "total_spent": 20597.606,
            "purchase_frequency": 8,
            "average_order_value": 2574.70075
        },
        {
            "Customer Name": "Grant Thornton",
            "total_spent": 16639.32,
            "purchase_frequency": 4,
            "average_order_value": 4159.83
        },
        {
            "Customer Name": "Sean Braxton",
            "total_spent": 15168.8028,
            "purchase_frequency": 12,
            "average_order_value": 1083.4859142857142
        },
        {
            "Customer Name": "Karen Daniels",
            "total_spent": 14940.9624,
            "purchase_frequency": 8,
            "average_order_value": 1867.6203
        },
        {
            "Customer Name": "Tom Boeckenhauer",
            "total_spent": 14771.52,
            "purchase_frequency": 4,
            "average_order_value": 3692.88
        },
        {
            "Customer Name": "Max Jones",
            "total_spent": 14698.396,
            "purchase_frequency": 12,
            "average_order_value": 1049.8854285714285
        },
        {
            "Customer Name": "Bart Watters",
            "total_spent": 13088.148000000001,
            "purchase_frequency": 12,
            "average_order_value": 1090.679
        }
    ],
    "discount_analysis": [
        {
            "Discount": 0.0,
            "total_sales": 827851.32,
            "total_quantity": 4852,
            "average_profit": 141.2077
        },
        {
            "Discount": 0.1,
            "total_sales": 133971.552,
            "total_quantity": 884,
            "average_profit": 81.4888
        },
        {
            "Discount": 0.15,
            "total_sales": 154273.98,
            "total_quantity": 992,
            "average_profit": 44.0975
        },
        {
            "Discount": 0.17,
            "total_sales": 65139.3462,
            "total_quantity": 520,
            "average_profit": 63.4494
        },
        {
            "Discount": 0.2,
            "total_sales": 75909.136,
            "total_quantity": 234,
            "average_profit": 160.3291
        },
        {
            "Discount": 0.25,
            "total_sales": 27989.82,
            "total_quantity": 240,
            "average_profit": -29.6597
        },
        {
            "Discount": 0.3,
            "total_sales": 7512.61,
            "total_quantity": 24,
            "average_profit": 65.2079
        },
        {
            "Discount": 0.4,
            "total_sales": 86860.776,
            "total_quantity": 560,
            "average_profit": -148.886
        },
        {
            "Discount": 0.5,
            "total_sales": 107978.42,
            "total_quantity": 440,
            "average_profit": -238.7877
        },
        {
            "Discount": 0.6,
            "total_sales": 18880.48,
            "total_quantity": 348,
            "average_profit": -113.568
        },
        {
            "Discount": 0.65,
            "total_sales": 1331.568,
            "total_quantity": 24,
            "average_profit": -153.5265
        },
        {
            "Discount": 0.7,
            "total_sales": 50421.126,
            "total_quantity": 694,
            "average_profit": -309.403
        }
    ],
    "geographic_distribution": [
        {
            "State": "New York",
            "City": "New York City",
            "total_sales": 75062.42,
            "total_quantity": 108,
            "Location": "New York, New York City"
        },
        {
            "State": "Florida",
            "City": "Jacksonville",
            "total_sales": 46919.56,
            "total_quantity": 20,
            "Location": "Florida, Jacksonville"
        },
        {
            "State": "California",
            "City": "Los Angeles",
            "total_sales": 26927.84,
            "total_quantity": 86,
            "Location": "California, Los Angeles"
        },
        {
            "State": "New Jersey",
            "City": "Lakewood",
            "total_sales": 18199.86,
            "total_quantity": 14,
            "Location": "New Jersey, Lakewood"
        },
        {
            "State": "Texas",
            "City": "San Antonio",
            "total_sales": 17694.804,
            "total_quantity": 26,
            "Location": "Texas, San Antonio"
        },
        {
            "State": "Virginia",
            "City": "Arlington",
            "total_sales": 17499.9,
            "total_quantity": 10,
            "Location": "Virginia, Arlington"
        },
        {
            "State": "England",
            "City": "London",
            "total_sales": 17273.25,
            "total_quantity": 100,
            "Location": "England, London"
        },
        {
            "State": "California",
            "City": "San Francisco",
            "total_sales": 16194.096000000001,
            "total_quantity": 50,
            "Location": "California, San Francisco"
        },
        {
            "State": "Texas",
            "City": "Houston",
            "total_sales": 16047.084,
            "total_quantity": 48,
            "Location": "Texas, Houston"
        },
        {
            "State": "North Carolina",
            "City": "Burlington",
            "total_sales": 15999.96,
            "total_quantity": 8,
            "Location": "North Carolina, Burlington"
        },
        {
            "State": "Victoria",
            "City": "Melbourne",
            "total_sales": 14580.432,
            "total_quantity": 86,
            "Location": "Victoria, Melbourne"
        },
        {
            "State": "Jakarta",
            "City": "Jakarta",
            "total_sales": 11848.4658,
            "total_quantity": 90,
            "Location": "Jakarta, Jakarta"
        },
        {
            "State": "California",
            "City": "San Diego",
            "total_sales": 10806.368,
            "total_quantity": 16,
            "Location": "California, San Diego"
        },
        {
            "State": "Kinshasa",
            "City": "Kinshasa",
            "total_sales": 9928.08,
            "total_quantity": 58,
            "Location": "Kinshasa, Kinshasa"
        },
        {
            "State": "New York",
            "City": "Yonkers",
            "total_sales": 9904.74,
            "total_quantity": 22,
            "Location": "New York, Yonkers"
        }
    ],
    "ship_mode_analysis": {
        "First Class": {
            "total_orders": 439,
            "avg_shipping_delay": 2.16,
            "total_profit": 1322.7,
            "shipping_cost_ratio": 0.17
        },
        "Same Day": {
            "total_orders": 142,
            "avg_shipping_delay": 0.04,
            "total_profit": 7952.84,
            "shipping_cost_ratio": 0.18
        },
        "Second Class": {
            "total_orders": 490,
            "avg_shipping_delay": 3.25,
            "total_profit": 23484.01,
            "shipping_cost_ratio": 0.12
        },
        "Standard Class": {
            "total_orders": 1778,
            "avg_shipping_delay": 5.0,
            "total_profit": 84976.2,
            "shipping_cost_ratio": 0.08
        }
    },
    "order_priority_analysis": {
        "Critical": {
            "avg_profit_margin": 0.0,
            "ship_mode_distribution": {
                "First Class": 0.4811320754716981,
                "Second Class": 0.3113207547169811,
                "Same Day": 0.20754716981132076
            }
        },
        "High": {
            "avg_profit_margin": -0.08,
            "ship_mode_distribution": {
                "Standard Class": 0.4780600461893764,
                "First Class": 0.23787528868360278,
                "Second Class": 0.20554272517321015,
                "Same Day": 0.07852193995381063
            }
        },
        "Low": {
            "avg_profit_margin": 0.06,
            "ship_mode_distribution": {
                "Standard Class": 1.0
            }
        },
        "Medium": {
            "avg_profit_margin": -0.04,
            "ship_mode_distribution": {
                "Standard Class": 0.7383390216154722,
                "Second Class": 0.15244596131968147,
                "First Class": 0.08873720136518772,
                "Same Day": 0.020477815699658702
            }
        }
    },
    "rfm_analysis": {
        "median_values": {
            "recency": 1101.0,
            "frequency": 1.0,
            "monetary": 358.0
        },
        "customer_distribution": {
            "Promising Customers": 625,
            "Big Spenders": 482,
            "Lost Customers": 473,
            "Hibernating Customers": 333,
            "At-Risk Customers": 298,
            "Slipping Away": 47,
            "VIP": 35,
            "Loyal Customers": 6
        }
    },
    "churn_analysis": {
        "total_customers": 2299,
        "churned_customers": 1802,
        "churn_rate": 0.7838190517616355,
        "avg_recency": 986.9160504567203,
        "avg_frequency": 1.2927359721618095,
        "avg_monetary": 677.7382053936495,
        "churned_customer_characteristics": {
            "avg_recency": 1216.458934517203,
            "avg_frequency": 1.3496115427302997,
            "avg_monetary": 714.6906380688124,
            "avg_discount": 0.17151433592304846,
            "avg_quantity": 3.263743988161302,
            "avg_shipping_cost": 53.831197364039966,
            "avg_profit": 39.70146000554938
        },
        "active_customer_characteristics": {
            "avg_recency": 154.64989939637826,
            "avg_frequency": 1.0865191146881288,
            "avg_monetary": 543.757755331992,
            "avg_discount": 0.16342052313883298,
            "avg_quantity": 3.346076458752515,
            "avg_shipping_cost": 48.50895875251509,
            "avg_profit": 36.213866398390344
        }
    }
}