{
    "segment_distribution": {
        "Consumer": [
            2321,
            0.48
        ],
        "Corporate": [
            1577,
            0.33
        ],
        "Home Office": [
            934,
            0.19
        ]
    },
    "segment_quantity": {
        "Consumer": 3.63,
        "Corporate": 3.42,
        "Home Office": 3.43
    },
    "segment_unit_price": {
        "Consumer": 29.25,
        "Corporate": 30.18,
        "Home Office": 23.91
    },
    "segment_profit": {
        "Consumer": 2.28,
        "Corporate": 3.14,
        "Home Office": 2.8
    },
    "segment_discount": {
        "Consumer": 0.13,
        "Corporate": 0.12,
        "Home Office": 0.13
    },
    "country_distribution": {
        "Australia": [
            382,
            0.08
        ],
        "United States": [
            362,
            0.07
        ],
        "Mexico": [
            304,
            0.06
        ],
        "France": [
            258,
            0.05
        ],
        "China": [
            244,
            0.05
        ],
        "Brazil": [
            194,
            0.04
        ],
        "Germany": [
            186,
            0.04
        ],
        "Indonesia": [
            178,
            0.04
        ],
        "India": [
            172,
            0.04
        ],
        "United Kingdom": [
            128,
            0.03
        ],
        "Turkey": [
            110,
            0.02
        ],
        "Italy": [
            102,
            0.02
        ],
        "Dominican Republic": [
            98,
            0.02
        ],
        "Cuba": [
            96,
            0.02
        ],
        "Philippines": [
            90,
            0.02
        ],
        "Nigeria": [
            90,
            0.02
        ],
        "Honduras": [
            86,
            0.02
        ],
        "Nicaragua": [
            82,
            0.02
        ],
        "El Salvador": [
            80,
            0.02
        ],
        "Spain": [
            76,
            0.02
        ],
        "New Zealand": [
            70,
            0.01
        ],
        "Iran": [
            64,
            0.01
        ],
        "Colombia": [
            64,
            0.01
        ],
        "Thailand": [
            46,
            0.01
        ],
        "Egypt": [
            44,
            0.01
        ],
        "South Africa": [
            44,
            0.01
        ],
        "Argentina": [
            42,
            0.01
        ],
        "Democratic Republic of the Congo": [
            40,
            0.01
        ],
        "Venezuela": [
            40,
            0.01
        ],
        "Morocco": [
            38,
            0.01
        ],
        "Ukraine": [
            38,
            0.01
        ],
        "Panama": [
            36,
            0.01
        ],
        "Vietnam": [
            34,
            0.01
        ],
        "Japan": [
            34,
            0.01
        ],
        "Russia": [
            34,
            0.01
        ],
        "Canada": [
            34,
            0.01
        ],
        "Poland": [
            34,
            0.01
        ],
        "Iraq": [
            32,
            0.01
        ],
        "Guatemala": [
            32,
            0.01
        ],
        "Austria": [
            32,
            0.01
        ],
        "South Korea": [
            30,
            0.01
        ],
        "Bangladesh": [
            30,
            0.01
        ],
        "Netherlands": [
            28,
            0.01
        ],
        "Pakistan": [
            28,
            0.01
        ],
        "Saudi Arabia": [
            28,
            0.01
        ],
        "Singapore": [
            24,
            0.0
        ],
        "Chile": [
            20,
            0.0
        ],
        "Malaysia": [
            16,
            0.0
        ],
        "Belgium": [
            16,
            0.0
        ],
        "Peru": [
            16,
            0.0
        ],
        "Tanzania": [
            16,
            0.0
        ],
        "Ghana": [
            14,
            0.0
        ],
        "Mozambique": [
            14,
            0.0
        ],
        "Romania": [
            14,
            0.0
        ],
        "Sweden": [
            14,
            0.0
        ],
        "Myanmar (Burma)": [
            12,
            0.0
        ],
        "Senegal": [
            12,
            0.0
        ],
        "Zimbabwe": [
            12,
            0.0
        ],
        "Haiti": [
            12,
            0.0
        ],
        "Madagascar": [
            12,
            0.0
        ],
        "Cameroon": [
            12,
            0.0
        ],
        "Denmark": [
            12,
            0.0
        ],
        "Kyrgyzstan": [
            12,
            0.0
        ],
        "Kenya": [
            12,
            0.0
        ],
        "Switzerland": [
            10,
            0.0
        ],
        "Belarus": [
            10,
            0.0
        ],
        "Cote d'Ivoire": [
            10,
            0.0
        ],
        "Algeria": [
            10,
            0.0
        ],
        "Rwanda": [
            10,
            0.0
        ],
        "C\u00f4te-d'Ivoire": [
            10,
            0.0
        ],
        "Nepal": [
            10,
            0.0
        ],
        "Zambia": [
            8,
            0.0
        ],
        "Portugal": [
            8,
            0.0
        ],
        "Sudan": [
            8,
            0.0
        ],
        "Togo": [
            8,
            0.0
        ],
        "Uzbekistan": [
            8,
            0.0
        ],
        "Ireland": [
            8,
            0.0
        ],
        "Angola": [
            8,
            0.0
        ],
        "Hungary": [
            8,
            0.0
        ],
        "Finland": [
            6,
            0.0
        ],
        "Bolivia": [
            6,
            0.0
        ],
        "Bulgaria": [
            6,
            0.0
        ],
        "Moldova": [
            6,
            0.0
        ],
        "Mongolia": [
            6,
            0.0
        ],
        "Martinique": [
            6,
            0.0
        ],
        "Georgia": [
            6,
            0.0
        ],
        "Afghanistan": [
            6,
            0.0
        ],
        "Norway": [
            6,
            0.0
        ],
        "Cambodia": [
            6,
            0.0
        ],
        "Jamaica": [
            6,
            0.0
        ],
        "Libya": [
            4,
            0.0
        ],
        "Kazakhstan": [
            4,
            0.0
        ],
        "Uganda": [
            4,
            0.0
        ],
        "Azerbaijan": [
            4,
            0.0
        ],
        "Central African Republic": [
            4,
            0.0
        ],
        "Israel": [
            4,
            0.0
        ],
        "Sri Lanka": [
            4,
            0.0
        ],
        "Qatar": [
            4,
            0.0
        ],
        "Paraguay": [
            2,
            0.0
        ],
        "Uruguay": [
            2,
            0.0
        ],
        "Lithuania": [
            2,
            0.0
        ],
        "Czech Republic": [
            2,
            0.0
        ],
        "United Arab Emirates": [
            2,
            0.0
        ],
        "Hong Kong": [
            2,
            0.0
        ],
        "Jordan": [
            2,
            0.0
        ],
        "Mauritania": [
            2,
            0.0
        ],
        "Benin": [
            2,
            0.0
        ],
        "Yemen": [
            2,
            0.0
        ],
        "Ecuador": [
            2,
            0.0
        ],
        "Syria": [
            2,
            0.0
        ],
        "Croatia": [
            2,
            0.0
        ],
        "Turkmenistan": [
            2,
            0.0
        ],
        "Taiwan": [
            2,
            0.0
        ],
        "Somalia": [
            2,
            0.0
        ],
        "Niger": [
            2,
            0.0
        ]
    },
    "country_quantity": {
        "Afghanistan": 5.0,
        "Algeria": 1.2,
        "Angola": 1.75,
        "Argentina": 3.81,
        "Australia": 3.91,
        "Austria": 3.69,
        "Azerbaijan": 2.5,
        "Bangladesh": 3.2,
        "Belarus": 1.2,
        "Belgium": 3.88,
        "Benin": 1.0,
        "Bolivia": 2.33,
        "Brazil": 3.97,
        "Bulgaria": 2.33,
        "Cambodia": 2.33,
        "Cameroon": 2.0,
        "Canada": 2.41,
        "Central African Republic": 3.0,
        "Chile": 4.1,
        "China": 3.73,
        "Colombia": 3.94,
        "Cote d'Ivoire": 3.2,
        "Croatia": 6.0,
        "Cuba": 3.65,
        "Czech Republic": 1.0,
        "C\u00f4te-d'Ivoire": 3.2,
        "Democratic Republic of the Congo": 1.9,
        "Denmark": 4.17,
        "Dominican Republic": 3.49,
        "Ecuador": 6.0,
        "Egypt": 3.18,
        "El Salvador": 3.28,
        "Finland": 5.33,
        "France": 4.04,
        "Georgia": 1.0,
        "Germany": 3.76,
        "Ghana": 3.57,
        "Guatemala": 3.81,
        "Haiti": 3.33,
        "Honduras": 4.16,
        "Hong Kong": 3.0,
        "Hungary": 2.75,
        "India": 3.98,
        "Indonesia": 3.72,
        "Iran": 2.34,
        "Iraq": 2.0,
        "Ireland": 4.5,
        "Israel": 4.0,
        "Italy": 3.51,
        "Jamaica": 4.0,
        "Japan": 3.65,
        "Jordan": 2.0,
        "Kazakhstan": 1.5,
        "Kenya": 2.0,
        "Kyrgyzstan": 1.67,
        "Libya": 1.5,
        "Lithuania": 2.0,
        "Madagascar": 2.17,
        "Malaysia": 4.25,
        "Martinique": 4.67,
        "Mauritania": 2.0,
        "Mexico": 3.61,
        "Moldova": 3.33,
        "Mongolia": 2.67,
        "Morocco": 3.11,
        "Mozambique": 2.29,
        "Myanmar (Burma)": 2.17,
        "Nepal": 4.0,
        "Netherlands": 4.5,
        "New Zealand": 3.63,
        "Nicaragua": 3.54,
        "Niger": 1.0,
        "Nigeria": 2.58,
        "Norway": 4.67,
        "Pakistan": 4.71,
        "Panama": 3.44,
        "Paraguay": 1.0,
        "Peru": 3.62,
        "Philippines": 4.04,
        "Poland": 1.59,
        "Portugal": 4.0,
        "Qatar": 3.5,
        "Romania": 1.57,
        "Russia": 2.88,
        "Rwanda": 3.4,
        "Saudi Arabia": 2.86,
        "Senegal": 2.17,
        "Singapore": 3.92,
        "Somalia": 1.0,
        "South Africa": 1.68,
        "South Korea": 2.4,
        "Spain": 3.87,
        "Sri Lanka": 2.5,
        "Sudan": 1.25,
        "Sweden": 5.43,
        "Switzerland": 4.2,
        "Syria": 1.0,
        "Taiwan": 7.0,
        "Tanzania": 1.5,
        "Thailand": 3.3,
        "Togo": 1.75,
        "Turkey": 3.0,
        "Turkmenistan": 1.0,
        "Uganda": 2.5,
        "Ukraine": 2.21,
        "United Arab Emirates": 2.0,
        "United Kingdom": 4.55,
        "United States": 3.41,
        "Uruguay": 2.0,
        "Uzbekistan": 2.0,
        "Venezuela": 4.2,
        "Vietnam": 4.24,
        "Yemen": 2.0,
        "Zambia": 2.25,
        "Zimbabwe": 3.83
    },
    "country_sales": {
        "Afghanistan": 154.58,
        "Algeria": 38.23,
        "Angola": 37.22,
        "Argentina": 48.16,
        "Australia": 108.69,
        "Austria": 91.56,
        "Azerbaijan": 102.65,
        "Bangladesh": 108.25,
        "Belarus": 34.96,
        "Belgium": 116.27,
        "Benin": 43.92,
        "Bolivia": 49.63,
        "Brazil": 70.58,
        "Bulgaria": 100.91,
        "Cambodia": 44.72,
        "Cameroon": 65.53,
        "Canada": 77.03,
        "Central African Republic": 76.11,
        "Chile": 95.88,
        "China": 117.38,
        "Colombia": 89.47,
        "Cote d'Ivoire": 86.57,
        "Croatia": 152.64,
        "Cuba": 77.13,
        "Czech Republic": 31.83,
        "C\u00f4te-d'Ivoire": 86.57,
        "Democratic Republic of the Congo": 63.21,
        "Denmark": 79.58,
        "Dominican Republic": 54.9,
        "Ecuador": 60.72,
        "Egypt": 97.1,
        "El Salvador": 68.4,
        "Finland": 206.62,
        "France": 122.03,
        "Georgia": 37.29,
        "Germany": 115.44,
        "Ghana": 111.35,
        "Guatemala": 74.53,
        "Haiti": 39.79,
        "Honduras": 52.66,
        "Hong Kong": 57.69,
        "Hungary": 75.05,
        "India": 123.55,
        "Indonesia": 62.08,
        "Iran": 75.48,
        "Iraq": 60.93,
        "Ireland": 80.98,
        "Israel": 132.18,
        "Italy": 114.65,
        "Jamaica": 95.13,
        "Japan": 121.81,
        "Jordan": 75.18,
        "Kazakhstan": 14.58,
        "Kenya": 46.49,
        "Kyrgyzstan": 47.67,
        "Libya": 54.66,
        "Lithuania": 28.06,
        "Madagascar": 62.06,
        "Malaysia": 152.21,
        "Martinique": 102.81,
        "Mauritania": 48.0,
        "Mexico": 79.66,
        "Moldova": 117.36,
        "Mongolia": 96.68,
        "Morocco": 90.08,
        "Mozambique": 62.62,
        "Myanmar (Burma)": 49.21,
        "Nepal": 130.81,
        "Netherlands": 64.35,
        "New Zealand": 95.1,
        "Nicaragua": 83.89,
        "Niger": 47.49,
        "Nigeria": 24.08,
        "Norway": 111.97,
        "Pakistan": 72.33,
        "Panama": 47.71,
        "Paraguay": 31.76,
        "Peru": 52.7,
        "Philippines": 78.04,
        "Poland": 50.8,
        "Portugal": 55.16,
        "Qatar": 105.42,
        "Romania": 49.95,
        "Russia": 98.19,
        "Rwanda": 115.84,
        "Saudi Arabia": 99.1,
        "Senegal": 77.8,
        "Singapore": 140.12,
        "Somalia": 37.59,
        "South Africa": 44.23,
        "South Korea": 38.88,
        "Spain": 127.72,
        "Sri Lanka": 84.9,
        "Sudan": 32.97,
        "Sweden": 94.45,
        "Switzerland": 179.53,
        "Syria": 41.7,
        "Taiwan": 260.4,
        "Tanzania": 35.43,
        "Thailand": 60.27,
        "Togo": 55.77,
        "Turkey": 37.69,
        "Turkmenistan": 13.85,
        "Uganda": 20.85,
        "Ukraine": 66.56,
        "United Arab Emirates": 16.67,
        "United Kingdom": 137.48,
        "United States": 257.14,
        "Uruguay": 52.0,
        "Uzbekistan": 54.58,
        "Venezuela": 51.02,
        "Vietnam": 116.08,
        "Yemen": 21.22,
        "Zambia": 57.77,
        "Zimbabwe": 38.5
    },
    "country_unit_price": {
        "Afghanistan": 30.92,
        "Algeria": 31.86,
        "Angola": 21.27,
        "Argentina": 12.64,
        "Australia": 27.83,
        "Austria": 24.83,
        "Azerbaijan": 41.06,
        "Bangladesh": 33.83,
        "Belarus": 29.14,
        "Belgium": 30.01,
        "Benin": 43.92,
        "Bolivia": 21.27,
        "Brazil": 17.78,
        "Bulgaria": 43.25,
        "Cambodia": 19.17,
        "Cameroon": 32.76,
        "Canada": 31.94,
        "Central African Republic": 25.37,
        "Chile": 23.39,
        "China": 31.47,
        "Colombia": 22.72,
        "Cote d'Ivoire": 27.05,
        "Croatia": 25.44,
        "Cuba": 21.16,
        "Czech Republic": 31.83,
        "C\u00f4te-d'Ivoire": 27.05,
        "Democratic Republic of the Congo": 33.27,
        "Denmark": 19.1,
        "Dominican Republic": 15.73,
        "Ecuador": 10.12,
        "Egypt": 30.52,
        "El Salvador": 20.89,
        "Finland": 38.74,
        "France": 30.22,
        "Georgia": 37.29,
        "Germany": 30.67,
        "Ghana": 31.18,
        "Guatemala": 19.55,
        "Haiti": 11.94,
        "Honduras": 12.65,
        "Hong Kong": 19.23,
        "Hungary": 27.29,
        "India": 31.07,
        "Indonesia": 16.69,
        "Iran": 32.21,
        "Iraq": 30.46,
        "Ireland": 18.0,
        "Israel": 33.04,
        "Italy": 32.67,
        "Jamaica": 23.78,
        "Japan": 33.4,
        "Jordan": 37.59,
        "Kazakhstan": 9.72,
        "Kenya": 23.24,
        "Kyrgyzstan": 28.6,
        "Libya": 36.44,
        "Lithuania": 14.03,
        "Madagascar": 28.64,
        "Malaysia": 35.81,
        "Martinique": 22.03,
        "Mauritania": 24.0,
        "Mexico": 22.05,
        "Moldova": 35.21,
        "Mongolia": 36.26,
        "Morocco": 29.01,
        "Mozambique": 27.4,
        "Myanmar (Burma)": 22.71,
        "Nepal": 32.7,
        "Netherlands": 14.3,
        "New Zealand": 26.21,
        "Nicaragua": 23.72,
        "Niger": 47.49,
        "Nigeria": 9.34,
        "Norway": 23.99,
        "Pakistan": 15.34,
        "Panama": 13.85,
        "Paraguay": 31.76,
        "Peru": 14.54,
        "Philippines": 19.3,
        "Poland": 31.99,
        "Portugal": 13.79,
        "Qatar": 30.12,
        "Romania": 31.79,
        "Russia": 34.06,
        "Rwanda": 34.07,
        "Saudi Arabia": 34.68,
        "Senegal": 35.91,
        "Singapore": 35.78,
        "Somalia": 37.59,
        "South Africa": 26.3,
        "South Korea": 16.2,
        "Spain": 33.02,
        "Sri Lanka": 33.96,
        "Sudan": 26.38,
        "Sweden": 17.4,
        "Switzerland": 42.74,
        "Syria": 41.7,
        "Taiwan": 37.2,
        "Tanzania": 23.62,
        "Thailand": 18.24,
        "Togo": 31.87,
        "Turkey": 12.56,
        "Turkmenistan": 13.85,
        "Uganda": 8.34,
        "Ukraine": 30.11,
        "United Arab Emirates": 8.33,
        "United Kingdom": 30.24,
        "United States": 75.49,
        "Uruguay": 26.0,
        "Uzbekistan": 27.29,
        "Venezuela": 12.15,
        "Vietnam": 27.41,
        "Yemen": 10.61,
        "Zambia": 25.68,
        "Zimbabwe": 10.04
    },
    "country_profit": {
        "Afghanistan": 11.37,
        "Algeria": 8.41,
        "Angola": 4.24,
        "Argentina": -3.18,
        "Australia": 2.78,
        "Austria": 7.1,
        "Azerbaijan": 2.72,
        "Bangladesh": 7.21,
        "Belarus": 6.39,
        "Belgium": 8.51,
        "Benin": 16.23,
        "Bolivia": 6.2,
        "Brazil": 2.3,
        "Bulgaria": 11.28,
        "Cambodia": 3.66,
        "Cameroon": 11.59,
        "Canada": 7.25,
        "Central African Republic": 4.43,
        "Chile": 7.34,
        "China": 6.85,
        "Colombia": 6.97,
        "Cote d'Ivoire": 4.75,
        "Croatia": 2.28,
        "Cuba": 5.58,
        "Czech Republic": 8.91,
        "C\u00f4te-d'Ivoire": 4.75,
        "Democratic Republic of the Congo": 6.05,
        "Denmark": -8.43,
        "Dominican Republic": 1.71,
        "Ecuador": 1.6,
        "Egypt": 8.46,
        "El Salvador": 5.93,
        "Finland": 8.38,
        "France": 6.79,
        "Georgia": 12.2,
        "Germany": 7.43,
        "Ghana": 6.13,
        "Guatemala": 4.73,
        "Haiti": -1.81,
        "Honduras": -3.23,
        "Hong Kong": 8.07,
        "Hungary": 5.81,
        "India": 7.18,
        "Indonesia": -7.61,
        "Iran": 8.28,
        "Iraq": 7.72,
        "Ireland": -14.2,
        "Israel": 3.58,
        "Italy": 7.21,
        "Jamaica": 7.25,
        "Japan": 7.7,
        "Jordan": 2.25,
        "Kazakhstan": -18.86,
        "Kenya": 4.31,
        "Kyrgyzstan": 8.31,
        "Libya": 9.71,
        "Lithuania": -12.64,
        "Madagascar": 9.76,
        "Malaysia": 11.56,
        "Martinique": 4.17,
        "Mauritania": 3.36,
        "Mexico": 6.06,
        "Moldova": 9.2,
        "Mongolia": 8.78,
        "Morocco": 10.87,
        "Mozambique": 5.47,
        "Myanmar (Burma)": 1.99,
        "Nepal": 5.31,
        "Netherlands": -8.61,
        "New Zealand": 1.66,
        "Nicaragua": 7.22,
        "Niger": 4.26,
        "Nigeria": -14.38,
        "Norway": 6.44,
        "Pakistan": -7.14,
        "Panama": -3.6,
        "Paraguay": 8.88,
        "Peru": -2.22,
        "Philippines": -9.42,
        "Poland": 5.63,
        "Portugal": -9.5,
        "Qatar": 8.91,
        "Romania": 8.43,
        "Russia": 7.34,
        "Rwanda": 6.16,
        "Saudi Arabia": 8.4,
        "Senegal": 10.19,
        "Singapore": 6.02,
        "Somalia": 2.25,
        "South Africa": 5.12,
        "South Korea": -8.53,
        "Spain": 7.28,
        "Sri Lanka": 8.36,
        "Sudan": 8.17,
        "Sweden": -7.71,
        "Switzerland": 10.21,
        "Syria": 4.98,
        "Taiwan": 4.44,
        "Tanzania": 6.58,
        "Thailand": -8.83,
        "Togo": 3.27,
        "Turkey": -10.42,
        "Turkmenistan": -20.32,
        "Uganda": -12.78,
        "Ukraine": 10.08,
        "United Arab Emirates": -14.74,
        "United Kingdom": 5.04,
        "United States": -1.95,
        "Uruguay": 8.06,
        "Uzbekistan": 6.7,
        "Venezuela": -3.19,
        "Vietnam": 1.98,
        "Yemen": -22.3,
        "Zambia": 9.73,
        "Zimbabwe": -9.84
    },
    "country_profit_margin": {
        "Afghanistan": 0.37,
        "Algeria": 0.26,
        "Angola": 0.2,
        "Argentina": -0.25,
        "Australia": 0.1,
        "Austria": 0.29,
        "Azerbaijan": 0.07,
        "Bangladesh": 0.21,
        "Belarus": 0.22,
        "Belgium": 0.28,
        "Benin": 0.37,
        "Bolivia": 0.29,
        "Brazil": 0.13,
        "Bulgaria": 0.26,
        "Cambodia": 0.19,
        "Cameroon": 0.35,
        "Canada": 0.23,
        "Central African Republic": 0.17,
        "Chile": 0.31,
        "China": 0.22,
        "Colombia": 0.31,
        "Cote d'Ivoire": 0.18,
        "Croatia": 0.09,
        "Cuba": 0.26,
        "Czech Republic": 0.28,
        "C\u00f4te-d'Ivoire": 0.18,
        "Democratic Republic of the Congo": 0.18,
        "Denmark": -0.44,
        "Dominican Republic": 0.11,
        "Ecuador": 0.16,
        "Egypt": 0.28,
        "El Salvador": 0.28,
        "Finland": 0.22,
        "France": 0.22,
        "Georgia": 0.33,
        "Germany": 0.24,
        "Ghana": 0.2,
        "Guatemala": 0.24,
        "Haiti": -0.15,
        "Honduras": -0.26,
        "Hong Kong": 0.42,
        "Hungary": 0.21,
        "India": 0.23,
        "Indonesia": -0.46,
        "Iran": 0.26,
        "Iraq": 0.25,
        "Ireland": -0.79,
        "Israel": 0.11,
        "Italy": 0.22,
        "Jamaica": 0.3,
        "Japan": 0.23,
        "Jordan": 0.06,
        "Kazakhstan": -1.94,
        "Kenya": 0.19,
        "Kyrgyzstan": 0.29,
        "Libya": 0.27,
        "Lithuania": -0.9,
        "Madagascar": 0.34,
        "Malaysia": 0.32,
        "Martinique": 0.19,
        "Mauritania": 0.14,
        "Mexico": 0.27,
        "Moldova": 0.26,
        "Mongolia": 0.24,
        "Morocco": 0.37,
        "Mozambique": 0.2,
        "Myanmar (Burma)": 0.09,
        "Nepal": 0.16,
        "Netherlands": -0.6,
        "New Zealand": 0.06,
        "Nicaragua": 0.3,
        "Niger": 0.09,
        "Nigeria": -1.54,
        "Norway": 0.27,
        "Pakistan": -0.47,
        "Panama": -0.26,
        "Paraguay": 0.28,
        "Peru": -0.15,
        "Philippines": -0.49,
        "Poland": 0.18,
        "Portugal": -0.69,
        "Qatar": 0.3,
        "Romania": 0.27,
        "Russia": 0.22,
        "Rwanda": 0.18,
        "Saudi Arabia": 0.24,
        "Senegal": 0.28,
        "Singapore": 0.17,
        "Somalia": 0.06,
        "South Africa": 0.19,
        "South Korea": -0.53,
        "Spain": 0.22,
        "Sri Lanka": 0.25,
        "Sudan": 0.31,
        "Sweden": -0.44,
        "Switzerland": 0.24,
        "Syria": 0.12,
        "Taiwan": 0.12,
        "Tanzania": 0.28,
        "Thailand": -0.48,
        "Togo": 0.1,
        "Turkey": -0.83,
        "Turkmenistan": -1.47,
        "Uganda": -1.53,
        "Ukraine": 0.33,
        "United Arab Emirates": -1.77,
        "United Kingdom": 0.17,
        "United States": -0.03,
        "Uruguay": 0.31,
        "Uzbekistan": 0.25,
        "Venezuela": -0.26,
        "Vietnam": 0.07,
        "Yemen": -2.1,
        "Zambia": 0.38,
        "Zimbabwe": -0.98
    },
    "top_10_states": {
        "England": [
            118,
            0.02
        ],
        "New South Wales": [
            110,
            0.02
        ],
        "Queensland": [
            92,
            0.02
        ],
        "Ile-de-France": [
            86,
            0.02
        ],
        "California": [
            82,
            0.02
        ],
        "Victoria": [
            70,
            0.01
        ],
        "Distrito Federal": [
            70,
            0.01
        ],
        "San Salvador": [
            68,
            0.01
        ],
        "Santo Domingo": [
            64,
            0.01
        ],
        "S\u00e3o Paulo": [
            62,
            0.01
        ]
    },
    "top_10_states_values": [
        118,
        110,
        92,
        86,
        82,
        70,
        70,
        68,
        64,
        62
    ],
    "top_10_cities": {
        "Santo Domingo": [
            64,
            0.01
        ],
        "Jakarta": [
            58,
            0.01
        ],
        "Manila": [
            56,
            0.01
        ],
        "Tegucigalpa": [
            46,
            0.01
        ],
        "Mexico City": [
            46,
            0.01
        ],
        "Bangkok": [
            44,
            0.01
        ],
        "Lagos": [
            40,
            0.01
        ],
        "New York City": [
            37,
            0.01
        ],
        "Sydney": [
            36,
            0.01
        ],
        "Melbourne": [
            34,
            0.01
        ]
    },
    "top_10_cities_values": [
        64,
        58,
        56,
        46,
        46,
        44,
        40,
        37,
        36,
        34
    ],
    "yearly_sales": {
        "2011": 47580.6123,
        "2012": 43297.4164,
        "2013": 65913.1001,
        "2014": 133848.9841,
        "2015": 43253.5604,
        "2016": 65814.4121,
        "2017": 86177.2678
    },
    "monthly_trend": {
        "April": {
            "2011": 5511.102999999999,
            "2012": 2171.4159,
            "2013": 4285.2199,
            "2014": 9978.755000000001,
            "2015": 2171.4159,
            "2016": 4221.3799,
            "2017": 4467.652
        },
        "August": {
            "2011": 2879.2312,
            "2012": 4484.9944000000005,
            "2013": 6552.4702,
            "2014": 11194.1497,
            "2015": 4481.5064,
            "2016": 6552.4702,
            "2017": 8411.0925
        },
        "December": {
            "2011": 4840.4601,
            "2012": 5843.5248,
            "2013": 6679.6457,
            "2014": 17485.7079,
            "2015": 5811.8768,
            "2016": 6679.6457,
            "2017": 12596.1998
        },
        "February": {
            "2011": 1629.7730000000001,
            "2012": 1568.9248,
            "2013": 2875.728,
            "2014": 5149.9132,
            "2015": 1511.9248,
            "2016": 2875.728,
            "2017": 3495.7862
        },
        "January": {
            "2011": 1536.4825,
            "2012": 2367.484,
            "2013": 2839.381,
            "2014": 8611.266,
            "2015": 2424.484,
            "2016": 2839.381,
            "2017": 7074.7835
        },
        "July": {
            "2011": 9843.1268,
            "2012": 1961.5405,
            "2013": 4833.0359,
            "2014": 14834.8923,
            "2015": 1961.5405,
            "2016": 4833.0359,
            "2017": 4755.0415
        },
        "June": {
            "2011": 5190.4704,
            "2012": 4885.3863,
            "2013": 5850.061000000001,
            "2014": 11529.342200000001,
            "2015": 4885.3863,
            "2016": 5850.061,
            "2017": 6346.2318
        },
        "March": {
            "2011": 1328.1145000000001,
            "2012": 1517.6224,
            "2013": 12048.3539,
            "2014": 8102.1939,
            "2015": 1517.6224,
            "2016": 12048.3539,
            "2017": 6791.4574
        },
        "May": {
            "2011": 1915.1681,
            "2012": 3793.574,
            "2013": 3398.0493,
            "2014": 8245.3228,
            "2015": 3793.574,
            "2016": 3398.0493,
            "2017": 6330.1547
        },
        "November": {
            "2011": 4589.0219,
            "2012": 5110.2528,
            "2013": 6178.5546,
            "2014": 11561.8676,
            "2015": 5101.5328,
            "2016": 6163.8346,
            "2017": 7381.1867
        },
        "October": {
            "2011": 3685.2146000000002,
            "2012": 4208.2779,
            "2013": 4930.4965,
            "2014": 10134.3094,
            "2015": 4208.2779,
            "2016": 4910.3685000000005,
            "2017": 6040.8098
        },
        "September": {
            "2011": 4632.4462,
            "2012": 5384.4186,
            "2013": 5442.1041,
            "2014": 17021.2641,
            "2015": 5384.4186,
            "2016": 5442.1041,
            "2017": 12486.8719
        }
    },
    "shipping_delay_stats": {
        "mean": 4.0,
        "median": 4.0,
        "max": 7
    },
    "top_10_products_by_sales": {
        "High Speed Automatic Electric Letter Opener": 34060.623999999996,
        "Martin Yale Chadless Opener Electric Letter Opener": 33312.4,
        "Fiskars Trimmer, Easy Grip": 8933.6208,
        "Kleencut Shears, Steel": 6918.7284,
        "Stiletto Shears, High Speed": 6568.4528,
        "Kleencut Trimmer, Steel": 6527.0838,
        "Fiskars Trimmer, Serrated": 6498.4400000000005,
        "Fiskars Letter Opener, Easy Grip": 6413.0288,
        "Kleencut Letter Opener, Easy Grip": 6384.802,
        "Stiletto Shears, Steel": 6363.660000000001
    },
    "top_10_products_by_profit": {
        "Fiskars Trimmer, Easy Grip": 2763.8808,
        "Fiskars Shears, High Speed": 2461.744,
        "Elite Trimmer, Steel": 1986.8596,
        "Elite Trimmer, Serrated": 1557.892,
        "Kleencut Letter Opener, Easy Grip": 1537.762,
        "Fiskars Letter Opener, Easy Grip": 1496.1088,
        "Kleencut Shears, Steel": 1377.6284,
        "Acme Letter Opener, Easy Grip": 1366.4906,
        "Acme Shears, High Speed": 1333.704,
        "Acme Box Cutter, High Speed": 1272.588
    },
    "top_10_products_by_turnover": {
        "Kleencut Letter Opener, Easy Grip": 282,
        "Fiskars Letter Opener, Easy Grip": 278,
        "Stiletto Letter Opener, Easy Grip": 240,
        "Fiskars Trimmer, Easy Grip": 238,
        "Kleencut Box Cutter, High Speed": 230,
        "Elite Letter Opener, High Speed": 224,
        "Fiskars Trimmer, Serrated": 224,
        "Acme Letter Opener, Steel": 220,
        "Fiskars Box Cutter, Serrated": 218,
        "Elite Trimmer, Steel": 208
    },
    "top_5_loss_products": {
        "Martin Yale Chadless Opener Electric Letter Opener": -2998.116,
        "High Speed Automatic Electric Letter Opener": -1572.0288000000003,
        "Kleencut Box Cutter, High Speed": -1186.692,
        "Acme Shears, Easy Grip": -1074.1299999999999,
        "Fiskars Trimmer, Serrated": -952.3800000000002
    },
    "product_performance": [
        {
            "Product Name": "High Speed Automatic Electric Letter Opener",
            "total_sales": 34060.623999999996,
            "total_quantity": 22,
            "average_price": 5676.770666666666,
            "total_profit": -524.0096000000009,
            "profit_margin": -0.015384615384615413
        },
        {
            "Product Name": "Martin Yale Chadless Opener Electric Letter Opener",
            "total_sales": 33312.4,
            "total_quantity": 44,
            "average_price": 2776.0333333333333,
            "total_profit": -2598.3671999999997,
            "profit_margin": -0.07799999999999999
        },
        {
            "Product Name": "Fiskars Trimmer, Easy Grip",
            "total_sales": 8933.6208,
            "total_quantity": 238,
            "average_price": 159.52894285714288,
            "total_profit": 2763.8808,
            "profit_margin": 0.3093796862297983
        },
        {
            "Product Name": "Kleencut Shears, Steel",
            "total_sales": 6918.7284,
            "total_quantity": 192,
            "average_price": 157.24382727272726,
            "total_profit": 1377.6284,
            "profit_margin": 0.19911583752875747
        },
        {
            "Product Name": "Stiletto Shears, High Speed",
            "total_sales": 6568.4528,
            "total_quantity": 164,
            "average_price": 117.2938,
            "total_profit": 716.5928,
            "profit_margin": 0.10909613295843429
        },
        {
            "Product Name": "Kleencut Trimmer, Steel",
            "total_sales": 6527.0838,
            "total_quantity": 204,
            "average_price": 125.52084230769232,
            "total_profit": 56.623799999999996,
            "profit_margin": 0.008675206529445813
        },
        {
            "Product Name": "Fiskars Trimmer, Serrated",
            "total_sales": 6498.4400000000005,
            "total_quantity": 224,
            "average_price": 116.04357142857144,
            "total_profit": -126.8800000000003,
            "profit_margin": -0.019524685924621952
        },
        {
            "Product Name": "Fiskars Letter Opener, Easy Grip",
            "total_sales": 6413.0288,
            "total_quantity": 278,
            "average_price": 97.16710303030302,
            "total_profit": 1496.1088,
            "profit_margin": 0.2332920756569813
        },
        {
            "Product Name": "Kleencut Letter Opener, Easy Grip",
            "total_sales": 6384.802,
            "total_quantity": 282,
            "average_price": 86.2811081081081,
            "total_profit": 1537.762,
            "profit_margin": 0.24084724945268468
        },
        {
            "Product Name": "Stiletto Shears, Steel",
            "total_sales": 6363.660000000001,
            "total_quantity": 176,
            "average_price": 144.6286363636364,
            "total_profit": -152.7400000000001,
            "profit_margin": -0.024001910850045428
        },
        {
            "Product Name": "Elite Trimmer, Steel",
            "total_sales": 6226.7596,
            "total_quantity": 208,
            "average_price": 124.53519200000001,
            "total_profit": 1986.8596,
            "profit_margin": 0.3190840385101747
        },
        {
            "Product Name": "Fiskars Shears, High Speed",
            "total_sales": 6158.264,
            "total_quantity": 142,
            "average_price": 139.96054545454547,
            "total_profit": 2461.744,
            "profit_margin": 0.3997464220436149
        },
        {
            "Product Name": "Elite Trimmer, Serrated",
            "total_sales": 5970.372,
            "total_quantity": 190,
            "average_price": 129.79069565217392,
            "total_profit": 1557.892,
            "profit_margin": 0.26093717443402187
        },
        {
            "Product Name": "Compact Automatic Electric Letter Opener",
            "total_sales": 5965.5,
            "total_quantity": 52,
            "average_price": 372.84375,
            "total_profit": -114.53759999999996,
            "profit_margin": -0.01919999999999999
        },
        {
            "Product Name": "Acme Trimmer, Easy Grip",
            "total_sales": 5911.444,
            "total_quantity": 156,
            "average_price": 147.7861,
            "total_profit": 305.44399999999996,
            "profit_margin": 0.05166994730898236
        },
        {
            "Product Name": "Premier Automatic Letter Opener",
            "total_sales": 5672.732,
            "total_quantity": 28,
            "average_price": 567.2732,
            "total_profit": -855.7171999999998,
            "profit_margin": -0.15084745762711863
        },
        {
            "Product Name": "Elite Shears, Easy Grip",
            "total_sales": 5651.7786,
            "total_quantity": 154,
            "average_price": 100.92461785714285,
            "total_profit": -371.5014,
            "profit_margin": -0.06573176804908812
        },
        {
            "Product Name": "Stiletto Letter Opener, Easy Grip",
            "total_sales": 5546.496,
            "total_quantity": 240,
            "average_price": 74.95264864864865,
            "total_profit": 778.816,
            "profit_margin": 0.14041585894950614
        },
        {
            "Product Name": "Fiskars Shears, Easy Grip",
            "total_sales": 5357.1892,
            "total_quantity": 142,
            "average_price": 140.97866315789474,
            "total_profit": 671.0692,
            "profit_margin": 0.12526516703946167
        },
        {
            "Product Name": "Kleencut Trimmer, Easy Grip",
            "total_sales": 5330.451,
            "total_quantity": 144,
            "average_price": 140.27502631578946,
            "total_profit": 747.0110000000001,
            "profit_margin": 0.14014029957315058
        }
    ],
    "most_ordered_products_by_date": [
        {
            "Year_Month": "2011-01",
            "Product Name": "Fiskars Trimmer, Easy Grip",
            "total_sales": 43.92,
            "total_quantity": 1
        },
        {
            "Year_Month": "2011-02",
            "Product Name": "Fiskars Trimmer, Easy Grip",
            "total_sales": 307.44,
            "total_quantity": 7
        },
        {
            "Year_Month": "2011-03",
            "Product Name": "Fiskars Trimmer, Easy Grip",
            "total_sales": 204.96,
            "total_quantity": 7
        },
        {
            "Year_Month": "2011-04",
            "Product Name": "Fiskars Trimmer, Easy Grip",
            "total_sales": 175.68,
            "total_quantity": 4
        },
        {
            "Year_Month": "2011-04",
            "Product Name": "Martin Yale Chadless Opener Electric Letter Opener",
            "total_sales": 4164.049999999999,
            "total_quantity": 5
        },
        {
            "Year_Month": "2011-06",
            "Product Name": "Fiskars Trimmer, Easy Grip",
            "total_sales": 219.6,
            "total_quantity": 5
        },
        {
            "Year_Month": "2011-06",
            "Product Name": "Kleencut Shears, Steel",
            "total_sales": 646.38,
            "total_quantity": 15
        },
        {
            "Year_Month": "2011-07",
            "Product Name": "High Speed Automatic Electric Letter Opener",
            "total_sales": 8187.65,
            "total_quantity": 5
        },
        {
            "Year_Month": "2011-08",
            "Product Name": "Fiskars Trimmer, Easy Grip",
            "total_sales": 87.84,
            "total_quantity": 2
        },
        {
            "Year_Month": "2011-08",
            "Product Name": "Kleencut Shears, Steel",
            "total_sales": 13.851000000000004,
            "total_quantity": 1
        },
        {
            "Year_Month": "2011-09",
            "Product Name": "Fiskars Trimmer, Easy Grip",
            "total_sales": 316.224,
            "total_quantity": 9
        },
        {
            "Year_Month": "2011-09",
            "Product Name": "Stiletto Shears, High Speed",
            "total_sales": 336.63,
            "total_quantity": 7
        },
        {
            "Year_Month": "2011-11",
            "Product Name": "Fiskars Trimmer, Easy Grip",
            "total_sales": 43.92,
            "total_quantity": 1
        },
        {
            "Year_Month": "2011-11",
            "Product Name": "Stiletto Shears, High Speed",
            "total_sales": 288.54,
            "total_quantity": 6
        },
        {
            "Year_Month": "2012-02",
            "Product Name": "Fiskars Trimmer, Easy Grip",
            "total_sales": 263.52,
            "total_quantity": 6
        },
        {
            "Year_Month": "2012-04",
            "Product Name": "Stiletto Shears, High Speed",
            "total_sales": 48.09,
            "total_quantity": 2
        },
        {
            "Year_Month": "2012-05",
            "Product Name": "Fiskars Trimmer, Easy Grip",
            "total_sales": 263.52000000000004,
            "total_quantity": 9
        },
        {
            "Year_Month": "2012-05",
            "Product Name": "Stiletto Shears, High Speed",
            "total_sales": 32.06,
            "total_quantity": 1
        },
        {
            "Year_Month": "2012-06",
            "Product Name": "Fiskars Trimmer, Easy Grip",
            "total_sales": 292.8,
            "total_quantity": 10
        },
        {
            "Year_Month": "2012-06",
            "Product Name": "Stiletto Shears, High Speed",
            "total_sales": 32.06,
            "total_quantity": 1
        },
        {
            "Year_Month": "2012-08",
            "Product Name": "Kleencut Shears, Steel",
            "total_sales": 138.51,
            "total_quantity": 3
        },
        {
            "Year_Month": "2012-08",
            "Product Name": "Stiletto Shears, High Speed",
            "total_sales": 96.18,
            "total_quantity": 2
        },
        {
            "Year_Month": "2012-09",
            "Product Name": "Martin Yale Chadless Opener Electric Letter Opener",
            "total_sales": 666.248,
            "total_quantity": 1
        },
        {
            "Year_Month": "2012-10",
            "Product Name": "Fiskars Trimmer, Easy Grip",
            "total_sales": 474.4824,
            "total_quantity": 14
        },
        {
            "Year_Month": "2012-10",
            "Product Name": "Stiletto Shears, High Speed",
            "total_sales": 19.236,
            "total_quantity": 1
        },
        {
            "Year_Month": "2012-11",
            "Product Name": "Stiletto Shears, High Speed",
            "total_sales": 96.18,
            "total_quantity": 2
        },
        {
            "Year_Month": "2012-12",
            "Product Name": "Stiletto Shears, High Speed",
            "total_sales": 503.0214,
            "total_quantity": 15
        },
        {
            "Year_Month": "2013-01",
            "Product Name": "Kleencut Shears, Steel",
            "total_sales": 92.34,
            "total_quantity": 2
        },
        {
            "Year_Month": "2013-03",
            "Product Name": "High Speed Automatic Electric Letter Opener",
            "total_sales": 8842.662,
            "total_quantity": 6
        },
        {
            "Year_Month": "2013-03",
            "Product Name": "Stiletto Shears, High Speed",
            "total_sales": 96.18,
            "total_quantity": 2
        },
        {
            "Year_Month": "2013-04",
            "Product Name": "Fiskars Trimmer, Easy Grip",
            "total_sales": 351.36,
            "total_quantity": 8
        },
        {
            "Year_Month": "2013-04",
            "Product Name": "Kleencut Shears, Steel",
            "total_sales": 126.96750000000002,
            "total_quantity": 5
        },
        {
            "Year_Month": "2013-05",
            "Product Name": "Stiletto Shears, High Speed",
            "total_sales": 288.54,
            "total_quantity": 8
        },
        {
            "Year_Month": "2013-06",
            "Product Name": "Fiskars Trimmer, Easy Grip",
            "total_sales": 175.68,
            "total_quantity": 6
        },
        {
            "Year_Month": "2013-06",
            "Product Name": "Kleencut Shears, Steel",
            "total_sales": 123.12,
            "total_quantity": 4
        },
        {
            "Year_Month": "2013-06",
            "Product Name": "Stiletto Shears, High Speed",
            "total_sales": 96.18,
            "total_quantity": 2
        },
        {
            "Year_Month": "2013-07",
            "Product Name": "Kleencut Shears, Steel",
            "total_sales": 184.68,
            "total_quantity": 4
        },
        {
            "Year_Month": "2013-07",
            "Product Name": "Stiletto Shears, High Speed",
            "total_sales": 384.72,
            "total_quantity": 8
        },
        {
            "Year_Month": "2013-08",
            "Product Name": "Fiskars Trimmer, Easy Grip",
            "total_sales": 87.84,
            "total_quantity": 2
        },
        {
            "Year_Month": "2013-09",
            "Product Name": "Fiskars Trimmer, Easy Grip",
            "total_sales": 175.68,
            "total_quantity": 4
        },
        {
            "Year_Month": "2013-11",
            "Product Name": "Fiskars Trimmer, Easy Grip",
            "total_sales": 263.52,
            "total_quantity": 7
        },
        {
            "Year_Month": "2013-11",
            "Product Name": "Kleencut Shears, Steel",
            "total_sales": 504.3303,
            "total_quantity": 17
        },
        {
            "Year_Month": "2013-11",
            "Product Name": "Stiletto Shears, High Speed",
            "total_sales": 96.18,
            "total_quantity": 2
        },
        {
            "Year_Month": "2013-12",
            "Product Name": "Kleencut Shears, Steel",
            "total_sales": 230.85000000000002,
            "total_quantity": 7
        },
        {
            "Year_Month": "2014-01",
            "Product Name": "Fiskars Trimmer, Easy Grip",
            "total_sales": 43.92,
            "total_quantity": 1
        },
        {
            "Year_Month": "2014-01",
            "Product Name": "Martin Yale Chadless Opener Electric Letter Opener",
            "total_sales": 4164.049999999999,
            "total_quantity": 5
        },
        {
            "Year_Month": "2014-01",
            "Product Name": "Stiletto Shears, High Speed",
            "total_sales": 48.09,
            "total_quantity": 1
        },
        {
            "Year_Month": "2014-02",
            "Product Name": "Fiskars Trimmer, Easy Grip",
            "total_sales": 307.44,
            "total_quantity": 7
        },
        {
            "Year_Month": "2014-03",
            "Product Name": "Fiskars Trimmer, Easy Grip",
            "total_sales": 292.8,
            "total_quantity": 9
        },
        {
            "Year_Month": "2014-03",
            "Product Name": "Martin Yale Chadless Opener Electric Letter Opener",
            "total_sales": 1332.496,
            "total_quantity": 2
        },
        {
            "Year_Month": "2014-03",
            "Product Name": "Stiletto Shears, High Speed",
            "total_sales": 240.45,
            "total_quantity": 5
        },
        {
            "Year_Month": "2014-04",
            "Product Name": "Fiskars Trimmer, Easy Grip",
            "total_sales": 351.36,
            "total_quantity": 8
        },
        {
            "Year_Month": "2014-04",
            "Product Name": "Kleencut Shears, Steel",
            "total_sales": 138.51,
            "total_quantity": 3
        },
        {
            "Year_Month": "2014-04",
            "Product Name": "Martin Yale Chadless Opener Electric Letter Opener",
            "total_sales": 4164.05,
            "total_quantity": 5
        },
        {
            "Year_Month": "2014-04",
            "Product Name": "Stiletto Shears, High Speed",
            "total_sales": 86.56200000000001,
            "total_quantity": 2
        },
        {
            "Year_Month": "2014-05",
            "Product Name": "Kleencut Shears, Steel",
            "total_sales": 184.68,
            "total_quantity": 5
        },
        {
            "Year_Month": "2014-05",
            "Product Name": "Stiletto Shears, High Speed",
            "total_sales": 129.84300000000002,
            "total_quantity": 3
        },
        {
            "Year_Month": "2014-06",
            "Product Name": "Fiskars Trimmer, Easy Grip",
            "total_sales": 248.88,
            "total_quantity": 6
        },
        {
            "Year_Month": "2014-06",
            "Product Name": "Kleencut Shears, Steel",
            "total_sales": 646.38,
            "total_quantity": 15
        },
        {
            "Year_Month": "2014-06",
            "Product Name": "Stiletto Shears, High Speed",
            "total_sales": 144.27,
            "total_quantity": 3
        },
        {
            "Year_Month": "2014-07",
            "Product Name": "High Speed Automatic Electric Letter Opener",
            "total_sales": 8187.65,
            "total_quantity": 5
        },
        {
            "Year_Month": "2014-07",
            "Product Name": "Kleencut Shears, Steel",
            "total_sales": 46.17,
            "total_quantity": 2
        },
        {
            "Year_Month": "2014-08",
            "Product Name": "Fiskars Trimmer, Easy Grip",
            "total_sales": 175.68,
            "total_quantity": 4
        },
        {
            "Year_Month": "2014-08",
            "Product Name": "Kleencut Shears, Steel",
            "total_sales": 167.1354,
            "total_quantity": 5
        },
        {
            "Year_Month": "2014-09",
            "Product Name": "Fiskars Trimmer, Easy Grip",
            "total_sales": 447.984,
            "total_quantity": 12
        },
        {
            "Year_Month": "2014-09",
            "Product Name": "Kleencut Shears, Steel",
            "total_sales": 586.359,
            "total_quantity": 15
        },
        {
            "Year_Month": "2014-09",
            "Product Name": "Martin Yale Chadless Opener Electric Letter Opener",
            "total_sales": 4663.736000000001,
            "total_quantity": 7
        },
        {
            "Year_Month": "2014-09",
            "Product Name": "Stiletto Shears, High Speed",
            "total_sales": 384.72,
            "total_quantity": 8
        },
        {
            "Year_Month": "2014-10",
            "Product Name": "Kleencut Shears, Steel",
            "total_sales": 123.12,
            "total_quantity": 4
        },
        {
            "Year_Month": "2014-10",
            "Product Name": "Stiletto Shears, High Speed",
            "total_sales": 144.27,
            "total_quantity": 3
        },
        {
            "Year_Month": "2014-11",
            "Product Name": "Fiskars Trimmer, Easy Grip",
            "total_sales": 250.34400000000002,
            "total_quantity": 6
        },
        {
            "Year_Month": "2014-11",
            "Product Name": "Kleencut Shears, Steel",
            "total_sales": 166.212,
            "total_quantity": 5
        },
        {
            "Year_Month": "2014-11",
            "Product Name": "Stiletto Shears, High Speed",
            "total_sales": 201.978,
            "total_quantity": 5
        },
        {
            "Year_Month": "2014-12",
            "Product Name": "Martin Yale Chadless Opener Electric Letter Opener",
            "total_sales": 1665.62,
            "total_quantity": 2
        },
        {
            "Year_Month": "2014-12",
            "Product Name": "Stiletto Shears, High Speed",
            "total_sales": 115.416,
            "total_quantity": 6
        },
        {
            "Year_Month": "2015-02",
            "Product Name": "Fiskars Trimmer, Easy Grip",
            "total_sales": 263.52,
            "total_quantity": 6
        },
        {
            "Year_Month": "2015-04",
            "Product Name": "Stiletto Shears, High Speed",
            "total_sales": 48.09,
            "total_quantity": 2
        },
        {
            "Year_Month": "2015-05",
            "Product Name": "Fiskars Trimmer, Easy Grip",
            "total_sales": 263.52,
            "total_quantity": 9
        },
        {
            "Year_Month": "2015-05",
            "Product Name": "Stiletto Shears, High Speed",
            "total_sales": 32.06,
            "total_quantity": 1
        },
        {
            "Year_Month": "2015-06",
            "Product Name": "Fiskars Trimmer, Easy Grip",
            "total_sales": 292.8,
            "total_quantity": 10
        },
        {
            "Year_Month": "2015-06",
            "Product Name": "Stiletto Shears, High Speed",
            "total_sales": 32.06,
            "total_quantity": 1
        },
        {
            "Year_Month": "2015-08",
            "Product Name": "Kleencut Shears, Steel",
            "total_sales": 138.51,
            "total_quantity": 3
        },
        {
            "Year_Month": "2015-08",
            "Product Name": "Stiletto Shears, High Speed",
            "total_sales": 96.18,
            "total_quantity": 2
        },
        {
            "Year_Month": "2015-09",
            "Product Name": "Martin Yale Chadless Opener Electric Letter Opener",
            "total_sales": 666.248,
            "total_quantity": 1
        },
        {
            "Year_Month": "2015-10",
            "Product Name": "Fiskars Trimmer, Easy Grip",
            "total_sales": 474.4824,
            "total_quantity": 14
        },
        {
            "Year_Month": "2015-10",
            "Product Name": "Stiletto Shears, High Speed",
            "total_sales": 19.236,
            "total_quantity": 1
        },
        {
            "Year_Month": "2015-11",
            "Product Name": "Stiletto Shears, High Speed",
            "total_sales": 96.18,
            "total_quantity": 2
        },
        {
            "Year_Month": "2015-12",
            "Product Name": "Stiletto Shears, High Speed",
            "total_sales": 503.02139999999997,
            "total_quantity": 15
        },
        {
            "Year_Month": "2016-01",
            "Product Name": "Kleencut Shears, Steel",
            "total_sales": 92.34,
            "total_quantity": 2
        },
        {
            "Year_Month": "2016-03",
            "Product Name": "High Speed Automatic Electric Letter Opener",
            "total_sales": 8842.662,
            "total_quantity": 6
        },
        {
            "Year_Month": "2016-03",
            "Product Name": "Stiletto Shears, High Speed",
            "total_sales": 96.18,
            "total_quantity": 2
        },
        {
            "Year_Month": "2016-04",
            "Product Name": "Fiskars Trimmer, Easy Grip",
            "total_sales": 351.36,
            "total_quantity": 8
        },
        {
            "Year_Month": "2016-04",
            "Product Name": "Kleencut Shears, Steel",
            "total_sales": 126.9675,
            "total_quantity": 5
        },
        {
            "Year_Month": "2016-05",
            "Product Name": "Stiletto Shears, High Speed",
            "total_sales": 288.53999999999996,
            "total_quantity": 8
        },
        {
            "Year_Month": "2016-06",
            "Product Name": "Fiskars Trimmer, Easy Grip",
            "total_sales": 175.68,
            "total_quantity": 6
        },
        {
            "Year_Month": "2016-06",
            "Product Name": "Kleencut Shears, Steel",
            "total_sales": 123.12,
            "total_quantity": 4
        },
        {
            "Year_Month": "2016-06",
            "Product Name": "Stiletto Shears, High Speed",
            "total_sales": 96.18,
            "total_quantity": 2
        },
        {
            "Year_Month": "2016-07",
            "Product Name": "Kleencut Shears, Steel",
            "total_sales": 184.68,
            "total_quantity": 4
        },
        {
            "Year_Month": "2016-07",
            "Product Name": "Stiletto Shears, High Speed",
            "total_sales": 384.72,
            "total_quantity": 8
        },
        {
            "Year_Month": "2016-08",
            "Product Name": "Fiskars Trimmer, Easy Grip",
            "total_sales": 87.84,
            "total_quantity": 2
        },
        {
            "Year_Month": "2016-09",
            "Product Name": "Fiskars Trimmer, Easy Grip",
            "total_sales": 175.68,
            "total_quantity": 4
        },
        {
            "Year_Month": "2016-11",
            "Product Name": "Fiskars Trimmer, Easy Grip",
            "total_sales": 263.52,
            "total_quantity": 7
        },
        {
            "Year_Month": "2016-11",
            "Product Name": "Kleencut Shears, Steel",
            "total_sales": 504.3303,
            "total_quantity": 17
        },
        {
            "Year_Month": "2016-11",
            "Product Name": "Stiletto Shears, High Speed",
            "total_sales": 96.18,
            "total_quantity": 2
        },
        {
            "Year_Month": "2016-12",
            "Product Name": "Kleencut Shears, Steel",
            "total_sales": 230.85000000000002,
            "total_quantity": 7
        },
        {
            "Year_Month": "2017-01",
            "Product Name": "Martin Yale Chadless Opener Electric Letter Opener",
            "total_sales": 4164.05,
            "total_quantity": 5
        },
        {
            "Year_Month": "2017-01",
            "Product Name": "Stiletto Shears, High Speed",
            "total_sales": 48.09,
            "total_quantity": 1
        },
        {
            "Year_Month": "2017-03",
            "Product Name": "Fiskars Trimmer, Easy Grip",
            "total_sales": 87.84,
            "total_quantity": 2
        },
        {
            "Year_Month": "2017-03",
            "Product Name": "Martin Yale Chadless Opener Electric Letter Opener",
            "total_sales": 1332.496,
            "total_quantity": 2
        },
        {
            "Year_Month": "2017-03",
            "Product Name": "Stiletto Shears, High Speed",
            "total_sales": 240.45,
            "total_quantity": 5
        },
        {
            "Year_Month": "2017-04",
            "Product Name": "Fiskars Trimmer, Easy Grip",
            "total_sales": 175.68,
            "total_quantity": 4
        },
        {
            "Year_Month": "2017-04",
            "Product Name": "Kleencut Shears, Steel",
            "total_sales": 138.51,
            "total_quantity": 3
        },
        {
            "Year_Month": "2017-04",
            "Product Name": "Stiletto Shears, High Speed",
            "total_sales": 86.562,
            "total_quantity": 2
        },
        {
            "Year_Month": "2017-05",
            "Product Name": "Kleencut Shears, Steel",
            "total_sales": 184.68,
            "total_quantity": 5
        },
        {
            "Year_Month": "2017-05",
            "Product Name": "Stiletto Shears, High Speed",
            "total_sales": 129.843,
            "total_quantity": 3
        },
        {
            "Year_Month": "2017-06",
            "Product Name": "Fiskars Trimmer, Easy Grip",
            "total_sales": 29.28,
            "total_quantity": 1
        },
        {
            "Year_Month": "2017-06",
            "Product Name": "Stiletto Shears, High Speed",
            "total_sales": 144.27,
            "total_quantity": 3
        },
        {
            "Year_Month": "2017-07",
            "Product Name": "Kleencut Shears, Steel",
            "total_sales": 46.17,
            "total_quantity": 2
        },
        {
            "Year_Month": "2017-08",
            "Product Name": "Fiskars Trimmer, Easy Grip",
            "total_sales": 87.84,
            "total_quantity": 2
        },
        {
            "Year_Month": "2017-08",
            "Product Name": "Kleencut Shears, Steel",
            "total_sales": 153.2844,
            "total_quantity": 4
        },
        {
            "Year_Month": "2017-09",
            "Product Name": "Fiskars Trimmer, Easy Grip",
            "total_sales": 131.76,
            "total_quantity": 3
        },
        {
            "Year_Month": "2017-09",
            "Product Name": "Kleencut Shears, Steel",
            "total_sales": 586.3589999999999,
            "total_quantity": 15
        },
        {
            "Year_Month": "2017-09",
            "Product Name": "Martin Yale Chadless Opener Electric Letter Opener",
            "total_sales": 4663.736,
            "total_quantity": 7
        },
        {
            "Year_Month": "2017-09",
            "Product Name": "Stiletto Shears, High Speed",
            "total_sales": 48.09,
            "total_quantity": 1
        },
        {
            "Year_Month": "2017-10",
            "Product Name": "Kleencut Shears, Steel",
            "total_sales": 123.12,
            "total_quantity": 4
        },
        {
            "Year_Month": "2017-11",
            "Product Name": "Fiskars Trimmer, Easy Grip",
            "total_sales": 206.424,
            "total_quantity": 5
        },
        {
            "Year_Month": "2017-11",
            "Product Name": "Kleencut Shears, Steel",
            "total_sales": 166.212,
            "total_quantity": 5
        },
        {
            "Year_Month": "2017-11",
            "Product Name": "Stiletto Shears, High Speed",
            "total_sales": 57.708,
            "total_quantity": 2
        },
        {
            "Year_Month": "2017-12",
            "Product Name": "Martin Yale Chadless Opener Electric Letter Opener",
            "total_sales": 1665.62,
            "total_quantity": 2
        },
        {
            "Year_Month": "2017-12",
            "Product Name": "Stiletto Shears, High Speed",
            "total_sales": 115.416,
            "total_quantity": 6
        }
    ],
    "most_frequent_order_month": [
        {
            "Order Month": "2014-12",
            "Order Count": 159
        },
        {
            "Order Month": "2014-11",
            "Order Count": 145
        },
        {
            "Order Month": "2014-09",
            "Order Count": 142
        },
        {
            "Order Month": "2014-06",
            "Order Count": 138
        },
        {
            "Order Month": "2014-08",
            "Order Count": 138
        },
        {
            "Order Month": "2014-10",
            "Order Count": 114
        },
        {
            "Order Month": "2014-05",
            "Order Count": 102
        },
        {
            "Order Month": "2017-12",
            "Order Count": 101
        },
        {
            "Order Month": "2017-09",
            "Order Count": 96
        },
        {
            "Order Month": "2017-11",
            "Order Count": 94
        },
        {
            "Order Month": "2017-08",
            "Order Count": 92
        },
        {
            "Order Month": "2017-06",
            "Order Count": 84
        },
        {
            "Order Month": "2014-07",
            "Order Count": 79
        },
        {
            "Order Month": "2013-09",
            "Order Count": 79
        },
        {
            "Order Month": "2016-09",
            "Order Count": 79
        },
        {
            "Order Month": "2017-05",
            "Order Count": 75
        },
        {
            "Order Month": "2013-11",
            "Order Count": 75
        },
        {
            "Order Month": "2016-11",
            "Order Count": 74
        },
        {
            "Order Month": "2013-08",
            "Order Count": 74
        },
        {
            "Order Month": "2016-08",
            "Order Count": 74
        }
    ],
    "time_series_analysis": [
        {
            "Order Date": "2011-01",
            "Sales": 1536.4825,
            "Quantity": 68,
            "Sales_MA": NaN
        },
        {
            "Order Date": "2011-02",
            "Sales": 1629.7730000000001,
            "Quantity": 57,
            "Sales_MA": NaN
        },
        {
            "Order Date": "2011-03",
            "Sales": 1328.1145000000001,
            "Quantity": 59,
            "Sales_MA": 1498.1233333333337
        },
        {
            "Order Date": "2011-04",
            "Sales": 5511.102999999999,
            "Quantity": 72,
            "Sales_MA": 2822.996833333333
        },
        {
            "Order Date": "2011-05",
            "Sales": 1915.1681,
            "Quantity": 95,
            "Sales_MA": 2918.128533333333
        },
        {
            "Order Date": "2011-06",
            "Sales": 5190.4704,
            "Quantity": 201,
            "Sales_MA": 4205.5805
        },
        {
            "Order Date": "2011-07",
            "Sales": 9843.1268,
            "Quantity": 78,
            "Sales_MA": 5649.588433333333
        },
        {
            "Order Date": "2011-08",
            "Sales": 2879.2312,
            "Quantity": 129,
            "Sales_MA": 5970.9428
        },
        {
            "Order Date": "2011-09",
            "Sales": 4632.4462,
            "Quantity": 158,
            "Sales_MA": 5784.934733333334
        },
        {
            "Order Date": "2011-10",
            "Sales": 3685.2146000000002,
            "Quantity": 131,
            "Sales_MA": 3732.2973333333334
        },
        {
            "Order Date": "2011-11",
            "Sales": 4589.0219,
            "Quantity": 196,
            "Sales_MA": 4302.227566666667
        },
        {
            "Order Date": "2011-12",
            "Sales": 4840.4601,
            "Quantity": 208,
            "Sales_MA": 4371.565533333333
        },
        {
            "Order Date": "2012-01",
            "Sales": 2367.484,
            "Quantity": 107,
            "Sales_MA": 3932.322
        },
        {
            "Order Date": "2012-02",
            "Sales": 1568.9248,
            "Quantity": 63,
            "Sales_MA": 2925.6229666666663
        },
        {
            "Order Date": "2012-03",
            "Sales": 1517.6224,
            "Quantity": 52,
            "Sales_MA": 1818.0104
        },
        {
            "Order Date": "2012-04",
            "Sales": 2171.4159,
            "Quantity": 90,
            "Sales_MA": 1752.6543666666666
        },
        {
            "Order Date": "2012-05",
            "Sales": 3793.574,
            "Quantity": 146,
            "Sales_MA": 2494.2041000000004
        },
        {
            "Order Date": "2012-06",
            "Sales": 4885.3863,
            "Quantity": 186,
            "Sales_MA": 3616.792066666667
        },
        {
            "Order Date": "2012-07",
            "Sales": 1961.5405,
            "Quantity": 92,
            "Sales_MA": 3546.8336000000004
        },
        {
            "Order Date": "2012-08",
            "Sales": 4484.9944000000005,
            "Quantity": 168,
            "Sales_MA": 3777.3070666666667
        },
        {
            "Order Date": "2012-09",
            "Sales": 5384.4186,
            "Quantity": 207,
            "Sales_MA": 3943.6511666666665
        },
        {
            "Order Date": "2012-10",
            "Sales": 4208.2779,
            "Quantity": 184,
            "Sales_MA": 4692.563633333334
        },
        {
            "Order Date": "2012-11",
            "Sales": 5110.2528,
            "Quantity": 243,
            "Sales_MA": 4900.9831
        },
        {
            "Order Date": "2012-12",
            "Sales": 5843.5248,
            "Quantity": 225,
            "Sales_MA": 5054.018499999999
        },
        {
            "Order Date": "2013-01",
            "Sales": 2839.381,
            "Quantity": 108,
            "Sales_MA": 4597.719533333334
        },
        {
            "Order Date": "2013-02",
            "Sales": 2875.728,
            "Quantity": 108,
            "Sales_MA": 3852.877933333333
        },
        {
            "Order Date": "2013-03",
            "Sales": 12048.3539,
            "Quantity": 139,
            "Sales_MA": 5921.154299999999
        },
        {
            "Order Date": "2013-04",
            "Sales": 4285.2199,
            "Quantity": 164,
            "Sales_MA": 6403.100600000001
        },
        {
            "Order Date": "2013-05",
            "Sales": 3398.0493,
            "Quantity": 152,
            "Sales_MA": 6577.2077
        },
        {
            "Order Date": "2013-06",
            "Sales": 5850.061000000001,
            "Quantity": 210,
            "Sales_MA": 4511.110066666667
        },
        {
            "Order Date": "2013-07",
            "Sales": 4833.0359,
            "Quantity": 190,
            "Sales_MA": 4693.7154
        },
        {
            "Order Date": "2013-08",
            "Sales": 6552.4702,
            "Quantity": 257,
            "Sales_MA": 5745.189033333333
        },
        {
            "Order Date": "2013-09",
            "Sales": 5442.1041,
            "Quantity": 257,
            "Sales_MA": 5609.203399999999
        },
        {
            "Order Date": "2013-10",
            "Sales": 4930.4965,
            "Quantity": 225,
            "Sales_MA": 5641.690266666667
        },
        {
            "Order Date": "2013-11",
            "Sales": 6178.5546,
            "Quantity": 254,
            "Sales_MA": 5517.051733333334
        },
        {
            "Order Date": "2013-12",
            "Sales": 6679.6457,
            "Quantity": 226,
            "Sales_MA": 5929.565600000001
        },
        {
            "Order Date": "2014-01",
            "Sales": 8611.266,
            "Quantity": 180,
            "Sales_MA": 7156.488766666666
        },
        {
            "Order Date": "2014-02",
            "Sales": 5149.9132,
            "Quantity": 204,
            "Sales_MA": 6813.6083
        },
        {
            "Order Date": "2014-03",
            "Sales": 8102.1939,
            "Quantity": 263,
            "Sales_MA": 7287.791033333334
        },
        {
            "Order Date": "2014-04",
            "Sales": 9978.755000000001,
            "Quantity": 223,
            "Sales_MA": 7743.6207
        },
        {
            "Order Date": "2014-05",
            "Sales": 8245.3228,
            "Quantity": 375,
            "Sales_MA": 8775.423900000002
        },
        {
            "Order Date": "2014-06",
            "Sales": 11529.342200000001,
            "Quantity": 500,
            "Sales_MA": 9917.806666666667
        },
        {
            "Order Date": "2014-07",
            "Sales": 14834.8923,
            "Quantity": 284,
            "Sales_MA": 11536.5191
        },
        {
            "Order Date": "2014-08",
            "Sales": 11194.1497,
            "Quantity": 461,
            "Sales_MA": 12519.4614
        },
        {
            "Order Date": "2014-09",
            "Sales": 17021.2641,
            "Quantity": 479,
            "Sales_MA": 14350.102033333334
        },
        {
            "Order Date": "2014-10",
            "Sales": 10134.3094,
            "Quantity": 405,
            "Sales_MA": 12783.241066666667
        },
        {
            "Order Date": "2014-11",
            "Sales": 11561.8676,
            "Quantity": 490,
            "Sales_MA": 12905.813699999999
        },
        {
            "Order Date": "2014-12",
            "Sales": 17485.7079,
            "Quantity": 622,
            "Sales_MA": 13060.628300000002
        },
        {
            "Order Date": "2015-01",
            "Sales": 2424.484,
            "Quantity": 109,
            "Sales_MA": 10490.686500000002
        },
        {
            "Order Date": "2015-02",
            "Sales": 1511.9248,
            "Quantity": 61,
            "Sales_MA": 7140.705566666667
        },
        {
            "Order Date": "2015-03",
            "Sales": 1517.6224,
            "Quantity": 52,
            "Sales_MA": 1818.0104
        },
        {
            "Order Date": "2015-04",
            "Sales": 2171.4159,
            "Quantity": 90,
            "Sales_MA": 1733.6543666666666
        },
        {
            "Order Date": "2015-05",
            "Sales": 3793.574,
            "Quantity": 146,
            "Sales_MA": 2494.2041000000004
        },
        {
            "Order Date": "2015-06",
            "Sales": 4885.3863,
            "Quantity": 186,
            "Sales_MA": 3616.792066666667
        },
        {
            "Order Date": "2015-07",
            "Sales": 1961.5405,
            "Quantity": 92,
            "Sales_MA": 3546.8336000000004
        },
        {
            "Order Date": "2015-08",
            "Sales": 4481.5064,
            "Quantity": 166,
            "Sales_MA": 3776.1443999999997
        },
        {
            "Order Date": "2015-09",
            "Sales": 5384.4186,
            "Quantity": 207,
            "Sales_MA": 3942.4885
        },
        {
            "Order Date": "2015-10",
            "Sales": 4208.2779,
            "Quantity": 184,
            "Sales_MA": 4691.400966666667
        },
        {
            "Order Date": "2015-11",
            "Sales": 5101.5328,
            "Quantity": 238,
            "Sales_MA": 4898.076433333334
        },
        {
            "Order Date": "2015-12",
            "Sales": 5811.8768,
            "Quantity": 216,
            "Sales_MA": 5040.5625
        },
        {
            "Order Date": "2016-01",
            "Sales": 2839.381,
            "Quantity": 108,
            "Sales_MA": 4584.263533333333
        },
        {
            "Order Date": "2016-02",
            "Sales": 2875.728,
            "Quantity": 108,
            "Sales_MA": 3842.3286000000003
        },
        {
            "Order Date": "2016-03",
            "Sales": 12048.3539,
            "Quantity": 139,
            "Sales_MA": 5921.154299999999
        },
        {
            "Order Date": "2016-04",
            "Sales": 4221.3799,
            "Quantity": 156,
            "Sales_MA": 6381.8206
        },
        {
            "Order Date": "2016-05",
            "Sales": 3398.0493,
            "Quantity": 152,
            "Sales_MA": 6555.9277
        },
        {
            "Order Date": "2016-06",
            "Sales": 5850.061,
            "Quantity": 210,
            "Sales_MA": 4489.830066666666
        },
        {
            "Order Date": "2016-07",
            "Sales": 4833.0359,
            "Quantity": 190,
            "Sales_MA": 4693.7154
        },
        {
            "Order Date": "2016-08",
            "Sales": 6552.4702,
            "Quantity": 257,
            "Sales_MA": 5745.189033333333
        },
        {
            "Order Date": "2016-09",
            "Sales": 5442.1041,
            "Quantity": 257,
            "Sales_MA": 5609.203399999999
        },
        {
            "Order Date": "2016-10",
            "Sales": 4910.3685000000005,
            "Quantity": 221,
            "Sales_MA": 5634.980933333333
        },
        {
            "Order Date": "2016-11",
            "Sales": 6163.8346,
            "Quantity": 249,
            "Sales_MA": 5505.435733333335
        },
        {
            "Order Date": "2016-12",
            "Sales": 6679.6457,
            "Quantity": 226,
            "Sales_MA": 5917.9496
        },
        {
            "Order Date": "2017-01",
            "Sales": 7074.7835,
            "Quantity": 112,
            "Sales_MA": 6639.421266666667
        },
        {
            "Order Date": "2017-02",
            "Sales": 3495.7862,
            "Quantity": 146,
            "Sales_MA": 5750.071800000001
        },
        {
            "Order Date": "2017-03",
            "Sales": 6791.4574,
            "Quantity": 201,
            "Sales_MA": 5787.342366666667
        },
        {
            "Order Date": "2017-04",
            "Sales": 4467.652,
            "Quantity": 151,
            "Sales_MA": 4918.298533333334
        },
        {
            "Order Date": "2017-05",
            "Sales": 6330.1547,
            "Quantity": 280,
            "Sales_MA": 5863.088033333333
        },
        {
            "Order Date": "2017-06",
            "Sales": 6346.2318,
            "Quantity": 301,
            "Sales_MA": 5714.679499999999
        },
        {
            "Order Date": "2017-07",
            "Sales": 4755.0415,
            "Quantity": 196,
            "Sales_MA": 5810.476
        },
        {
            "Order Date": "2017-08",
            "Sales": 8411.0925,
            "Quantity": 332,
            "Sales_MA": 6504.121933333333
        },
        {
            "Order Date": "2017-09",
            "Sales": 12486.8719,
            "Quantity": 323,
            "Sales_MA": 8551.001966666667
        },
        {
            "Order Date": "2017-10",
            "Sales": 6040.8098,
            "Quantity": 261,
            "Sales_MA": 8979.5914
        },
        {
            "Order Date": "2017-11",
            "Sales": 7381.1867,
            "Quantity": 306,
            "Sales_MA": 8636.289466666667
        },
        {
            "Order Date": "2017-12",
            "Sales": 12596.1998,
            "Quantity": 405,
            "Sales_MA": 8672.7321
        }
    ],
    "customer_segmentation": [
        {
            "Customer Name": "Ken Lonsdale",
            "total_spent": 16469.356,
            "purchase_frequency": 6,
            "average_order_value": 2744.8926666666666
        },
        {
            "Customer Name": "Edward Hooks",
            "total_spent": 10118.376,
            "purchase_frequency": 8,
            "average_order_value": 1264.797
        },
        {
            "Customer Name": "Joseph Airdo",
            "total_spent": 9801.724000000002,
            "purchase_frequency": 6,
            "average_order_value": 1225.2155000000002
        },
        {
            "Customer Name": "Greg Maxwell",
            "total_spent": 9259.92,
            "purchase_frequency": 10,
            "average_order_value": 661.4228571428572
        },
        {
            "Customer Name": "Alex Avila",
            "total_spent": 8521.266,
            "purchase_frequency": 4,
            "average_order_value": 1420.211
        },
        {
            "Customer Name": "Cathy Prescott",
            "total_spent": 8410.18,
            "purchase_frequency": 4,
            "average_order_value": 2102.545
        },
        {
            "Customer Name": "Amy Cox",
            "total_spent": 3366.424,
            "purchase_frequency": 4,
            "average_order_value": 841.606
        },
        {
            "Customer Name": "Sanjit Engle",
            "total_spent": 3290.472,
            "purchase_frequency": 8,
            "average_order_value": 411.309
        },
        {
            "Customer Name": "Henry Goldwyn",
            "total_spent": 3016.92,
            "purchase_frequency": 16,
            "average_order_value": 150.846
        },
        {
            "Customer Name": "Alan Haines",
            "total_spent": 2428.9120000000003,
            "purchase_frequency": 8,
            "average_order_value": 303.61400000000003
        }
    ],
    "discount_analysis": [
        {
            "Discount": 0.0,
            "total_sales": 349765.58,
            "total_quantity": 10811,
            "average_profit": 23.347
        },
        {
            "Discount": 0.1,
            "total_sales": 36988.92,
            "total_quantity": 1294,
            "average_profit": 17.7991
        },
        {
            "Discount": 0.17,
            "total_sales": 4537.0788,
            "total_quantity": 170,
            "average_profit": 7.3187
        },
        {
            "Discount": 0.2,
            "total_sales": 35498.08,
            "total_quantity": 804,
            "average_profit": -22.33
        },
        {
            "Discount": 0.4,
            "total_sales": 18559.308,
            "total_quantity": 1250,
            "average_profit": -15.1911
        },
        {
            "Discount": 0.45,
            "total_sales": 7023.918,
            "total_quantity": 364,
            "average_profit": -38.0931
        },
        {
            "Discount": 0.47,
            "total_sales": 13823.0784,
            "total_quantity": 814,
            "average_profit": -28.48
        },
        {
            "Discount": 0.5,
            "total_sales": 10866.03,
            "total_quantity": 682,
            "average_profit": -33.2752
        },
        {
            "Discount": 0.6,
            "total_sales": 5892.384,
            "total_quantity": 528,
            "average_profit": -32.1129
        },
        {
            "Discount": 0.7,
            "total_sales": 2930.976,
            "total_quantity": 308,
            "average_profit": -36.1746
        }
    ],
    "geographic_distribution": [
        {
            "State": "California",
            "City": "San Francisco",
            "total_sales": 27126.14,
            "total_quantity": 82,
            "Location": "California, San Francisco"
        },
        {
            "State": "Pennsylvania",
            "City": "Philadelphia",
            "total_sales": 12458.960000000001,
            "total_quantity": 54,
            "Location": "Pennsylvania, Philadelphia"
        },
        {
            "State": "Virginia",
            "City": "Alexandria",
            "total_sales": 8328.099999999999,
            "total_quantity": 10,
            "Location": "Virginia, Alexandria"
        },
        {
            "State": "Missouri",
            "City": "Springfield",
            "total_sales": 8328.099999999999,
            "total_quantity": 10,
            "Location": "Missouri, Springfield"
        },
        {
            "State": "Texas",
            "City": "Round Rock",
            "total_sales": 7860.144,
            "total_quantity": 6,
            "Location": "Texas, Round Rock"
        },
        {
            "State": "Western Australia",
            "City": "Perth",
            "total_sales": 4471.0380000000005,
            "total_quantity": 136,
            "Location": "Western Australia, Perth"
        },
        {
            "State": "Distrito Federal",
            "City": "Mexico City",
            "total_sales": 4264.44,
            "total_quantity": 198,
            "Location": "Distrito Federal, Mexico City"
        },
        {
            "State": "Santo Domingo",
            "City": "Santo Domingo",
            "total_sales": 3496.192,
            "total_quantity": 220,
            "Location": "Santo Domingo, Santo Domingo"
        },
        {
            "State": "Singapore",
            "City": "Singapore",
            "total_sales": 3362.94,
            "total_quantity": 94,
            "Location": "Singapore, Singapore"
        },
        {
            "State": "Louisiana",
            "City": "Lafayette",
            "total_sales": 3331.24,
            "total_quantity": 4,
            "Location": "Louisiana, Lafayette"
        },
        {
            "State": "Victoria",
            "City": "Melbourne",
            "total_sales": 3259.062,
            "total_quantity": 108,
            "Location": "Victoria, Melbourne"
        },
        {
            "State": "Jakarta",
            "City": "Jakarta",
            "total_sales": 3248.1156,
            "total_quantity": 188,
            "Location": "Jakarta, Jakarta"
        },
        {
            "State": "New South Wales",
            "City": "Sydney",
            "total_sales": 3229.4700000000003,
            "total_quantity": 108,
            "Location": "New South Wales, Sydney"
        },
        {
            "State": "New York",
            "City": "New York City",
            "total_sales": 3144.34,
            "total_quantity": 146,
            "Location": "New York, New York City"
        },
        {
            "State": "California",
            "City": "Los Angeles",
            "total_sales": 3042.66,
            "total_quantity": 73,
            "Location": "California, Los Angeles"
        }
    ],
    "ship_mode_analysis": {
        "First Class": {
            "total_orders": 679,
            "avg_shipping_delay": 2.24,
            "total_profit": 6556.01,
            "shipping_cost_ratio": 0.18
        },
        "Same Day": {
            "total_orders": 203,
            "avg_shipping_delay": 0.03,
            "total_profit": 1961.14,
            "shipping_cost_ratio": 0.19
        },
        "Second Class": {
            "total_orders": 990,
            "avg_shipping_delay": 3.2,
            "total_profit": 10902.12,
            "shipping_cost_ratio": 0.13
        },
        "Standard Class": {
            "total_orders": 2691,
            "avg_shipping_delay": 5.06,
            "total_profit": 25723.19,
            "shipping_cost_ratio": 0.08
        }
    },
    "order_priority_analysis": {
        "Critical": {
            "avg_profit_margin": 0.11425417466964281,
            "common_ship_mode": "First Class"
        },
        "High": {
            "avg_profit_margin": 0.027355608140395542,
            "common_ship_mode": "Standard Class"
        },
        "Low": {
            "avg_profit_margin": -0.020995705271304173,
            "common_ship_mode": "Standard Class"
        },
        "Medium": {
            "avg_profit_margin": 0.048956883521024314,
            "common_ship_mode": "Standard Class"
        }
    },
    "rfm_analysis": {
        "rfm_stats": {
            "recency": {
                "count": 745.0,
                "mean": 308.03087248322146,
                "std": 308.5282926717452,
                "min": 0.0,
                "25%": 75.0,
                "50%": 196.0,
                "75%": 466.0,
                "max": 1845.0
            },
            "frequency": {
                "count": 745.0,
                "mean": 6.128859060402685,
                "std": 3.2523005774327727,
                "min": 1.0,
                "25%": 4.0,
                "50%": 6.0,
                "75%": 8.0,
                "max": 20.0
            },
            "monetary": {
                "count": 745.0,
                "mean": 652.195104966443,
                "std": 1019.6094931894049,
                "min": 20.43,
                "25%": 257.76,
                "50%": 479.646,
                "75%": 777.328,
                "max": 16469.356
            }
        },
        "rfm_segments": {
            "Medium": 249,
            "High": 248,
            "Low": 248
        }
    },
    "churn_analysis": {
        "total_customers": 3230,
        "churned_customers": 2445,
        "churn_rate": 0.7569659442724458,
        "avg_recency": 886.6300309597523,
        "avg_frequency": 1.4959752321981423,
        "avg_monetary": 150.42890191950465,
        "churned_customer_characteristics": {
            "avg_recency": 1121.437218813906,
            "avg_frequency": 1.6118609406952966,
            "avg_monetary": 161.7710261758691,
            "avg_discount": 0.12817490180803065,
            "avg_quantity": 3.4250675171227325,
            "avg_shipping_cost": 9.940827083617359,
            "avg_profit": 9.752783012513389
        },
        "active_customer_characteristics": {
            "avg_recency": 155.28789808917196,
            "avg_frequency": 1.135031847133758,
            "avg_monetary": 115.10215821656051,
            "avg_discount": 0.1305732484076433,
            "avg_quantity": 3.538683651804671,
            "avg_shipping_cost": 10.818885732484077,
            "avg_profit": 8.400753163481953
        }
    }
}