{
    "segment_distribution": {
        "Consumer": [
            1798,
            0.51
        ],
        "Corporate": [
            1109,
            0.32
        ],
        "Home Office": [
            590,
            0.17
        ]
    },
    "segment_quantity": {
        "Consumer": 3.48,
        "Corporate": 3.35,
        "Home Office": 3.61
    },
    "segment_unit_price": {
        "Consumer": 163.11,
        "Corporate": 170.8,
        "Home Office": 171.89
    },
    "segment_profit": {
        "Consumer": 20.97,
        "Corporate": 28.09,
        "Home Office": 22.35
    },
    "segment_discount": {
        "Consumer": 0.15,
        "Corporate": 0.14,
        "Home Office": 0.12
    },
    "country_distribution": {
        "United States": [
            919,
            0.26
        ],
        "France": [
            198,
            0.06
        ],
        "Australia": [
            182,
            0.05
        ],
        "Mexico": [
            156,
            0.04
        ],
        "Germany": [
            112,
            0.03
        ],
        "China": [
            110,
            0.03
        ],
        "Indonesia": [
            108,
            0.03
        ],
        "Brazil": [
            100,
            0.03
        ],
        "Turkey": [
            86,
            0.02
        ],
        "United Kingdom": [
            84,
            0.02
        ],
        "India": [
            84,
            0.02
        ],
        "Spain": [
            74,
            0.02
        ],
        "Nigeria": [
            58,
            0.02
        ],
        "Italy": [
            54,
            0.02
        ],
        "Dominican Republic": [
            52,
            0.01
        ],
        "Honduras": [
            50,
            0.01
        ],
        "El Salvador": [
            48,
            0.01
        ],
        "Cuba": [
            46,
            0.01
        ],
        "Philippines": [
            40,
            0.01
        ],
        "Nicaragua": [
            38,
            0.01
        ],
        "Panama": [
            36,
            0.01
        ],
        "Guatemala": [
            36,
            0.01
        ],
        "Morocco": [
            32,
            0.01
        ],
        "New Zealand": [
            32,
            0.01
        ],
        "Canada": [
            32,
            0.01
        ],
        "Iran": [
            30,
            0.01
        ],
        "Egypt": [
            28,
            0.01
        ],
        "South Africa": [
            28,
            0.01
        ],
        "Democratic Republic of the Congo": [
            28,
            0.01
        ],
        "Iraq": [
            28,
            0.01
        ],
        "Thailand": [
            22,
            0.01
        ],
        "Austria": [
            22,
            0.01
        ],
        "Argentina": [
            20,
            0.01
        ],
        "Colombia": [
            20,
            0.01
        ],
        "Saudi Arabia": [
            20,
            0.01
        ],
        "Netherlands": [
            18,
            0.01
        ],
        "Russia": [
            18,
            0.01
        ],
        "Ukraine": [
            18,
            0.01
        ],
        "Poland": [
            18,
            0.01
        ],
        "Algeria": [
            16,
            0.0
        ],
        "Belgium": [
            16,
            0.0
        ],
        "Pakistan": [
            16,
            0.0
        ],
        "Vietnam": [
            16,
            0.0
        ],
        "Sweden": [
            16,
            0.0
        ],
        "Myanmar (Burma)": [
            14,
            0.0
        ],
        "Japan": [
            12,
            0.0
        ],
        "Tanzania": [
            12,
            0.0
        ],
        "Venezuela": [
            12,
            0.0
        ],
        "Zambia": [
            12,
            0.0
        ],
        "Ireland": [
            12,
            0.0
        ],
        "Romania": [
            10,
            0.0
        ],
        "South Korea": [
            10,
            0.0
        ],
        "Portugal": [
            10,
            0.0
        ],
        "Israel": [
            8,
            0.0
        ],
        "Singapore": [
            8,
            0.0
        ],
        "Bangladesh": [
            8,
            0.0
        ],
        "Sudan": [
            8,
            0.0
        ],
        "Denmark": [
            8,
            0.0
        ],
        "Belarus": [
            8,
            0.0
        ],
        "Chile": [
            8,
            0.0
        ],
        "Kenya": [
            8,
            0.0
        ],
        "Peru": [
            8,
            0.0
        ],
        "Kazakhstan": [
            6,
            0.0
        ],
        "Mongolia": [
            6,
            0.0
        ],
        "Senegal": [
            6,
            0.0
        ],
        "Cameroon": [
            6,
            0.0
        ],
        "Yemen": [
            6,
            0.0
        ],
        "Togo": [
            6,
            0.0
        ],
        "Georgia": [
            6,
            0.0
        ],
        "Zimbabwe": [
            6,
            0.0
        ],
        "Uzbekistan": [
            4,
            0.0
        ],
        "Jamaica": [
            4,
            0.0
        ],
        "Turkmenistan": [
            4,
            0.0
        ],
        "Kyrgyzstan": [
            4,
            0.0
        ],
        "Jordan": [
            4,
            0.0
        ],
        "Bolivia": [
            4,
            0.0
        ],
        "Hong Kong": [
            4,
            0.0
        ],
        "Angola": [
            4,
            0.0
        ],
        "Cambodia": [
            4,
            0.0
        ],
        "Mozambique": [
            4,
            0.0
        ],
        "Finland": [
            4,
            0.0
        ],
        "Guinea": [
            4,
            0.0
        ],
        "Malaysia": [
            4,
            0.0
        ],
        "Ghana": [
            4,
            0.0
        ],
        "Benin": [
            4,
            0.0
        ],
        "Somalia": [
            2,
            0.0
        ],
        "Slovakia": [
            2,
            0.0
        ],
        "Mali": [
            2,
            0.0
        ],
        "Czech Republic": [
            2,
            0.0
        ],
        "Lithuania": [
            2,
            0.0
        ],
        "Trinidad and Tobago": [
            2,
            0.0
        ],
        "Slovenia": [
            2,
            0.0
        ],
        "Syria": [
            2,
            0.0
        ],
        "Bosnia and Herzegovina": [
            2,
            0.0
        ],
        "Bulgaria": [
            2,
            0.0
        ],
        "Tunisia": [
            2,
            0.0
        ],
        "Estonia": [
            2,
            0.0
        ],
        "Libya": [
            2,
            0.0
        ],
        "Sierra Leone": [
            2,
            0.0
        ],
        "Ecuador": [
            2,
            0.0
        ],
        "Switzerland": [
            2,
            0.0
        ],
        "Madagascar": [
            2,
            0.0
        ],
        "Afghanistan": [
            2,
            0.0
        ],
        "Uruguay": [
            2,
            0.0
        ],
        "Martinique": [
            2,
            0.0
        ],
        "Cote d'Ivoire": [
            2,
            0.0
        ],
        "Central African Republic": [
            2,
            0.0
        ],
        "Montenegro": [
            2,
            0.0
        ],
        "C\u00f4te-d'Ivoire": [
            2,
            0.0
        ]
    },
    "country_quantity": {
        "Afghanistan": 8.0,
        "Algeria": 2.12,
        "Angola": 1.0,
        "Argentina": 3.0,
        "Australia": 4.21,
        "Austria": 3.0,
        "Bangladesh": 3.25,
        "Belarus": 2.25,
        "Belgium": 4.38,
        "Benin": 1.5,
        "Bolivia": 3.5,
        "Bosnia and Herzegovina": 1.0,
        "Brazil": 3.42,
        "Bulgaria": 1.0,
        "Cambodia": 2.5,
        "Cameroon": 3.0,
        "Canada": 1.88,
        "Central African Republic": 2.0,
        "Chile": 3.5,
        "China": 3.85,
        "Colombia": 3.5,
        "Cote d'Ivoire": 4.0,
        "Cuba": 4.39,
        "Czech Republic": 1.0,
        "C\u00f4te-d'Ivoire": 4.0,
        "Democratic Republic of the Congo": 1.71,
        "Denmark": 2.75,
        "Dominican Republic": 3.77,
        "Ecuador": 2.0,
        "Egypt": 2.29,
        "El Salvador": 3.79,
        "Estonia": 1.0,
        "Finland": 4.0,
        "France": 3.57,
        "Georgia": 3.0,
        "Germany": 3.77,
        "Ghana": 2.5,
        "Guatemala": 3.33,
        "Guinea": 1.0,
        "Honduras": 3.96,
        "Hong Kong": 3.0,
        "India": 3.83,
        "Indonesia": 3.39,
        "Iran": 2.47,
        "Iraq": 1.93,
        "Ireland": 2.67,
        "Israel": 1.0,
        "Italy": 4.0,
        "Jamaica": 2.0,
        "Japan": 4.17,
        "Jordan": 3.0,
        "Kazakhstan": 2.33,
        "Kenya": 1.25,
        "Kyrgyzstan": 1.0,
        "Libya": 2.0,
        "Lithuania": 1.0,
        "Madagascar": 1.0,
        "Malaysia": 2.5,
        "Mali": 2.0,
        "Martinique": 3.0,
        "Mexico": 3.77,
        "Mongolia": 1.33,
        "Montenegro": 6.0,
        "Morocco": 2.38,
        "Mozambique": 2.0,
        "Myanmar (Burma)": 4.71,
        "Netherlands": 3.33,
        "New Zealand": 3.81,
        "Nicaragua": 4.11,
        "Nigeria": 2.66,
        "Pakistan": 5.0,
        "Panama": 3.0,
        "Peru": 3.25,
        "Philippines": 3.95,
        "Poland": 2.11,
        "Portugal": 5.0,
        "Romania": 1.4,
        "Russia": 1.78,
        "Saudi Arabia": 1.7,
        "Senegal": 1.0,
        "Sierra Leone": 4.0,
        "Singapore": 4.0,
        "Slovakia": 1.0,
        "Slovenia": 2.0,
        "Somalia": 2.0,
        "South Africa": 1.36,
        "South Korea": 2.8,
        "Spain": 4.05,
        "Sudan": 2.75,
        "Sweden": 4.38,
        "Switzerland": 7.0,
        "Syria": 2.0,
        "Tanzania": 3.5,
        "Thailand": 3.45,
        "Togo": 2.33,
        "Trinidad and Tobago": 3.0,
        "Tunisia": 2.0,
        "Turkey": 1.98,
        "Turkmenistan": 2.0,
        "Ukraine": 4.44,
        "United Kingdom": 4.0,
        "United States": 3.71,
        "Uruguay": 4.0,
        "Uzbekistan": 1.0,
        "Venezuela": 4.17,
        "Vietnam": 3.5,
        "Yemen": 3.0,
        "Zambia": 1.33,
        "Zimbabwe": 1.0
    },
    "country_sales": {
        "Afghanistan": 669.12,
        "Algeria": 473.02,
        "Angola": 59.3,
        "Argentina": 304.14,
        "Australia": 1034.86,
        "Austria": 660.35,
        "Bangladesh": 408.44,
        "Belarus": 146.46,
        "Belgium": 1290.01,
        "Benin": 330.0,
        "Bolivia": 758.43,
        "Bosnia and Herzegovina": 57.51,
        "Brazil": 573.05,
        "Bulgaria": 70.47,
        "Cambodia": 604.16,
        "Cameroon": 982.58,
        "Canada": 496.28,
        "Central African Republic": 1000.26,
        "Chile": 939.09,
        "China": 765.81,
        "Colombia": 892.65,
        "Cote d'Ivoire": 727.44,
        "Cuba": 563.97,
        "Czech Republic": 51.6,
        "C\u00f4te-d'Ivoire": 727.44,
        "Democratic Republic of the Congo": 328.76,
        "Denmark": 206.43,
        "Dominican Republic": 590.85,
        "Ecuador": 746.24,
        "Egypt": 514.68,
        "El Salvador": 487.11,
        "Estonia": 560.97,
        "Finland": 1210.44,
        "France": 788.93,
        "Georgia": 181.07,
        "Germany": 747.73,
        "Ghana": 883.84,
        "Guatemala": 512.48,
        "Guinea": 546.34,
        "Honduras": 377.34,
        "Hong Kong": 1115.13,
        "India": 1076.41,
        "Indonesia": 927.0,
        "Iran": 486.32,
        "Iraq": 846.71,
        "Ireland": 338.12,
        "Israel": 358.0,
        "Italy": 1352.6,
        "Jamaica": 236.32,
        "Japan": 1577.01,
        "Jordan": 643.53,
        "Kazakhstan": 198.94,
        "Kenya": 478.76,
        "Kyrgyzstan": 308.53,
        "Libya": 167.28,
        "Lithuania": 92.82,
        "Madagascar": 541.77,
        "Malaysia": 846.74,
        "Mali": 139.08,
        "Martinique": 1123.08,
        "Mexico": 635.2,
        "Mongolia": 716.8,
        "Montenegro": 3234.24,
        "Morocco": 581.96,
        "Mozambique": 576.9,
        "Myanmar (Burma)": 724.07,
        "Netherlands": 364.36,
        "New Zealand": 461.08,
        "Nicaragua": 914.52,
        "Nigeria": 202.97,
        "Pakistan": 1013.4,
        "Panama": 167.33,
        "Peru": 232.7,
        "Philippines": 907.21,
        "Poland": 459.59,
        "Portugal": 911.34,
        "Romania": 408.7,
        "Russia": 520.65,
        "Saudi Arabia": 473.41,
        "Senegal": 384.58,
        "Sierra Leone": 284.88,
        "Singapore": 463.84,
        "Slovakia": 279.21,
        "Slovenia": 153.42,
        "Somalia": 132.84,
        "South Africa": 409.59,
        "South Korea": 419.55,
        "Spain": 972.64,
        "Sudan": 665.54,
        "Sweden": 572.33,
        "Switzerland": 584.22,
        "Syria": 137.22,
        "Tanzania": 973.7,
        "Thailand": 714.46,
        "Togo": 281.96,
        "Trinidad and Tobago": 135.48,
        "Tunisia": 122.58,
        "Turkey": 223.85,
        "Turkmenistan": 318.25,
        "Ukraine": 1019.55,
        "United Kingdom": 1142.4,
        "United States": 233.44,
        "Uruguay": 1495.92,
        "Uzbekistan": 315.08,
        "Venezuela": 443.69,
        "Vietnam": 1081.96,
        "Yemen": 239.59,
        "Zambia": 218.96,
        "Zimbabwe": 115.18
    },
    "country_unit_price": {
        "Afghanistan": 83.64,
        "Algeria": 222.6,
        "Angola": 59.3,
        "Argentina": 101.38,
        "Australia": 245.88,
        "Austria": 220.12,
        "Bangladesh": 125.67,
        "Belarus": 65.09,
        "Belgium": 294.86,
        "Benin": 220.0,
        "Bolivia": 216.69,
        "Bosnia and Herzegovina": 57.51,
        "Brazil": 167.56,
        "Bulgaria": 70.47,
        "Cambodia": 241.66,
        "Cameroon": 327.53,
        "Canada": 264.68,
        "Central African Republic": 500.13,
        "Chile": 268.31,
        "China": 198.68,
        "Colombia": 255.04,
        "Cote d'Ivoire": 181.86,
        "Cuba": 128.43,
        "Czech Republic": 51.6,
        "C\u00f4te-d'Ivoire": 181.86,
        "Democratic Republic of the Congo": 191.77,
        "Denmark": 75.07,
        "Dominican Republic": 156.75,
        "Ecuador": 373.12,
        "Egypt": 225.17,
        "El Salvador": 128.47,
        "Estonia": 560.97,
        "Finland": 302.61,
        "France": 221.26,
        "Georgia": 60.36,
        "Germany": 198.45,
        "Ghana": 353.54,
        "Guatemala": 153.74,
        "Guinea": 546.34,
        "Honduras": 95.29,
        "Hong Kong": 371.71,
        "India": 280.8,
        "Indonesia": 273.54,
        "Iran": 197.16,
        "Iraq": 439.04,
        "Ireland": 126.8,
        "Israel": 358.0,
        "Italy": 338.15,
        "Jamaica": 118.16,
        "Japan": 378.48,
        "Jordan": 214.51,
        "Kazakhstan": 85.26,
        "Kenya": 383.01,
        "Kyrgyzstan": 308.53,
        "Libya": 83.64,
        "Lithuania": 92.82,
        "Madagascar": 541.77,
        "Malaysia": 338.69,
        "Mali": 69.54,
        "Martinique": 374.36,
        "Mexico": 168.52,
        "Mongolia": 537.6,
        "Montenegro": 539.04,
        "Morocco": 245.04,
        "Mozambique": 288.45,
        "Myanmar (Burma)": 153.59,
        "Netherlands": 109.31,
        "New Zealand": 120.94,
        "Nicaragua": 222.77,
        "Nigeria": 76.44,
        "Pakistan": 202.68,
        "Panama": 55.78,
        "Peru": 71.6,
        "Philippines": 229.67,
        "Poland": 217.7,
        "Portugal": 182.27,
        "Romania": 291.93,
        "Russia": 292.86,
        "Saudi Arabia": 278.48,
        "Senegal": 384.58,
        "Sierra Leone": 71.22,
        "Singapore": 115.96,
        "Slovakia": 279.21,
        "Slovenia": 76.71,
        "Somalia": 66.42,
        "South Africa": 301.8,
        "South Korea": 149.84,
        "Spain": 239.92,
        "Sudan": 242.02,
        "Sweden": 130.82,
        "Switzerland": 83.46,
        "Syria": 68.61,
        "Tanzania": 278.2,
        "Thailand": 206.82,
        "Togo": 120.84,
        "Trinidad and Tobago": 45.16,
        "Tunisia": 61.29,
        "Turkey": 113.24,
        "Turkmenistan": 159.12,
        "Ukraine": 229.4,
        "United Kingdom": 285.6,
        "United States": 62.99,
        "Uruguay": 373.98,
        "Uzbekistan": 315.08,
        "Venezuela": 106.48,
        "Vietnam": 309.13,
        "Yemen": 79.86,
        "Zambia": 164.22,
        "Zimbabwe": 115.18
    },
    "country_profit": {
        "Afghanistan": 35.1,
        "Algeria": 53.78,
        "Angola": 20.91,
        "Argentina": -14.33,
        "Australia": 33.03,
        "Austria": 54.63,
        "Bangladesh": 48.72,
        "Belarus": 19.46,
        "Belgium": 49.01,
        "Benin": 17.1,
        "Bolivia": 19.17,
        "Bosnia and Herzegovina": 2.28,
        "Brazil": 9.69,
        "Bulgaria": 3.51,
        "Cambodia": 79.81,
        "Cameroon": 108.95,
        "Canada": 74.47,
        "Central African Republic": 45.0,
        "Chile": 45.69,
        "China": 54.33,
        "Colombia": 67.58,
        "Cote d'Ivoire": 28.4,
        "Cuba": 30.64,
        "Czech Republic": 10.83,
        "C\u00f4te-d'Ivoire": 28.4,
        "Democratic Republic of the Congo": 23.6,
        "Denmark": -33.34,
        "Dominican Republic": 22.14,
        "Ecuador": 7.46,
        "Egypt": 42.17,
        "El Salvador": 26.47,
        "Estonia": 61.68,
        "Finland": 46.6,
        "France": 31.32,
        "Georgia": 21.18,
        "Germany": 27.56,
        "Ghana": 41.23,
        "Guatemala": 37.53,
        "Guinea": 145.68,
        "Honduras": -21.1,
        "Hong Kong": 123.87,
        "India": 63.68,
        "Indonesia": 33.61,
        "Iran": 38.37,
        "Iraq": 134.99,
        "Ireland": -63.75,
        "Israel": 50.27,
        "Italy": 117.79,
        "Jamaica": 22.65,
        "Japan": 79.61,
        "Jordan": 73.29,
        "Kazakhstan": -104.84,
        "Kenya": 112.71,
        "Kyrgyzstan": 119.86,
        "Libya": 6.69,
        "Lithuania": -64.98,
        "Madagascar": 200.43,
        "Malaysia": 55.85,
        "Mali": 27.12,
        "Martinique": 74.86,
        "Mexico": 41.46,
        "Mongolia": 122.27,
        "Montenegro": 161.7,
        "Morocco": 46.91,
        "Mozambique": 129.6,
        "Myanmar (Burma)": 19.27,
        "Netherlands": -74.5,
        "New Zealand": -3.39,
        "Nicaragua": 30.5,
        "Nigeria": -107.79,
        "Pakistan": -122.43,
        "Panama": -15.09,
        "Peru": -13.99,
        "Philippines": 8.53,
        "Poland": 63.36,
        "Portugal": -141.57,
        "Romania": 86.73,
        "Russia": 65.85,
        "Saudi Arabia": 65.02,
        "Senegal": 127.23,
        "Sierra Leone": 14.94,
        "Singapore": 39.37,
        "Slovakia": 0.0,
        "Slovenia": 25.29,
        "Somalia": 0.66,
        "South Africa": 76.38,
        "South Korea": -99.4,
        "Spain": 74.58,
        "Sudan": 72.07,
        "Sweden": -59.82,
        "Switzerland": 33.36,
        "Syria": 24.0,
        "Tanzania": 70.78,
        "Thailand": 12.11,
        "Togo": 12.95,
        "Trinidad and Tobago": 5.86,
        "Tunisia": 21.45,
        "Turkey": -106.79,
        "Turkmenistan": -273.27,
        "Ukraine": 58.67,
        "United Kingdom": 64.83,
        "United States": 10.62,
        "Uruguay": 172.02,
        "Uzbekistan": 80.72,
        "Venezuela": -26.42,
        "Vietnam": 47.41,
        "Yemen": -70.75,
        "Zambia": 35.25,
        "Zimbabwe": -156.49
    },
    "country_profit_margin": {
        "Afghanistan": 0.42,
        "Algeria": 0.24,
        "Angola": 0.35,
        "Argentina": -0.14,
        "Australia": 0.13,
        "Austria": 0.25,
        "Bangladesh": 0.39,
        "Belarus": 0.3,
        "Belgium": 0.17,
        "Benin": 0.08,
        "Bolivia": 0.09,
        "Bosnia and Herzegovina": 0.04,
        "Brazil": 0.06,
        "Bulgaria": 0.05,
        "Cambodia": 0.33,
        "Cameroon": 0.33,
        "Canada": 0.28,
        "Central African Republic": 0.09,
        "Chile": 0.17,
        "China": 0.27,
        "Colombia": 0.26,
        "Cote d'Ivoire": 0.16,
        "Cuba": 0.24,
        "Czech Republic": 0.21,
        "C\u00f4te-d'Ivoire": 0.16,
        "Democratic Republic of the Congo": 0.12,
        "Denmark": -0.44,
        "Dominican Republic": 0.14,
        "Ecuador": 0.02,
        "Egypt": 0.19,
        "El Salvador": 0.21,
        "Estonia": 0.11,
        "Finland": 0.15,
        "France": 0.14,
        "Georgia": 0.35,
        "Germany": 0.14,
        "Ghana": 0.12,
        "Guatemala": 0.24,
        "Guinea": 0.27,
        "Honduras": -0.22,
        "Hong Kong": 0.33,
        "India": 0.23,
        "Indonesia": 0.12,
        "Iran": 0.19,
        "Iraq": 0.31,
        "Ireland": -0.5,
        "Israel": 0.14,
        "Italy": 0.35,
        "Jamaica": 0.19,
        "Japan": 0.21,
        "Jordan": 0.34,
        "Kazakhstan": -1.23,
        "Kenya": 0.29,
        "Kyrgyzstan": 0.39,
        "Libya": 0.08,
        "Lithuania": -0.7,
        "Madagascar": 0.37,
        "Malaysia": 0.16,
        "Mali": 0.39,
        "Martinique": 0.2,
        "Mexico": 0.25,
        "Mongolia": 0.23,
        "Montenegro": 0.3,
        "Morocco": 0.19,
        "Mozambique": 0.45,
        "Myanmar (Burma)": 0.13,
        "Netherlands": -0.68,
        "New Zealand": -0.03,
        "Nicaragua": 0.14,
        "Nigeria": -1.41,
        "Pakistan": -0.6,
        "Panama": -0.27,
        "Peru": -0.2,
        "Philippines": 0.04,
        "Poland": 0.29,
        "Portugal": -0.78,
        "Romania": 0.3,
        "Russia": 0.22,
        "Saudi Arabia": 0.23,
        "Senegal": 0.33,
        "Sierra Leone": 0.21,
        "Singapore": 0.34,
        "Slovakia": 0.0,
        "Slovenia": 0.33,
        "Somalia": 0.01,
        "South Africa": 0.25,
        "South Korea": -0.66,
        "Spain": 0.31,
        "Sudan": 0.3,
        "Sweden": -0.46,
        "Switzerland": 0.4,
        "Syria": 0.35,
        "Tanzania": 0.25,
        "Thailand": 0.06,
        "Togo": 0.11,
        "Trinidad and Tobago": 0.13,
        "Tunisia": 0.35,
        "Turkey": -0.94,
        "Turkmenistan": -1.72,
        "Ukraine": 0.26,
        "United Kingdom": 0.23,
        "United States": 0.17,
        "Uruguay": 0.46,
        "Uzbekistan": 0.26,
        "Venezuela": -0.25,
        "Vietnam": 0.15,
        "Yemen": -0.89,
        "Zambia": 0.21,
        "Zimbabwe": -1.36
    },
    "top_10_states": {
        "California": [
            182,
            0.05
        ],
        "Texas": [
            94,
            0.03
        ],
        "New York": [
            86,
            0.02
        ],
        "England": [
            80,
            0.02
        ],
        "Ile-de-France": [
            64,
            0.02
        ],
        "Pennsylvania": [
            46,
            0.01
        ],
        "Ohio": [
            46,
            0.01
        ],
        "San Salvador": [
            44,
            0.01
        ],
        "Queensland": [
            44,
            0.01
        ],
        "New South Wales": [
            42,
            0.01
        ]
    },
    "top_10_states_values": [
        182,
        94,
        86,
        80,
        64,
        46,
        46,
        44,
        44,
        42
    ],
    "top_10_cities": {
        "Los Angeles": [
            72,
            0.02
        ],
        "New York City": [
            71,
            0.02
        ],
        "San Francisco": [
            48,
            0.01
        ],
        "Philadelphia": [
            44,
            0.01
        ],
        "Houston": [
            40,
            0.01
        ],
        "Chicago": [
            33,
            0.01
        ],
        "Tegucigalpa": [
            32,
            0.01
        ],
        "Istanbul": [
            30,
            0.01
        ],
        "Santo Domingo": [
            28,
            0.01
        ],
        "Columbus": [
            28,
            0.01
        ]
    },
    "top_10_cities_values": [
        72,
        71,
        48,
        44,
        40,
        33,
        32,
        30,
        28,
        28
    ],
    "product_performance": [
        {
            "Product ID": "OFF-AP-4745",
            "total_sales": 32842.6043,
            "total_quantity": 81,
            "average_price": 1824.5891277777778,
            "total_profit": -2180.6257,
            "profit_margin": -0.06639624799790923
        },
        {
            "Product ID": "OFF-AP-4743",
            "total_sales": 31663.779000000002,
            "total_quantity": 62,
            "average_price": 2110.9186,
            "total_profit": 11807.969000000001,
            "profit_margin": 0.3729172377055815
        },
        {
            "Product ID": "OFF-AP-4507",
            "total_sales": 28657.049,
            "total_quantity": 66,
            "average_price": 1910.4699333333333,
            "total_profit": 5989.749,
            "profit_margin": 0.20901485704267736
        },
        {
            "Product ID": "OFF-AP-4966",
            "total_sales": 21966.329,
            "total_quantity": 46,
            "average_price": 1830.5274166666668,
            "total_profit": 5725.209,
            "profit_margin": 0.2606356756288226
        },
        {
            "Product ID": "OFF-AP-4960",
            "total_sales": 21870.0339,
            "total_quantity": 52,
            "average_price": 2187.00339,
            "total_profit": 3443.1639,
            "profit_margin": 0.15743752002140246
        },
        {
            "Product ID": "OFF-AP-4508",
            "total_sales": 21330.944,
            "total_quantity": 51,
            "average_price": 1939.1767272727272,
            "total_profit": 635.5039999999999,
            "profit_margin": 0.029792586769718205
        },
        {
            "Product ID": "OFF-AP-10004512",
            "total_sales": 21147.084,
            "total_quantity": 38,
            "average_price": 3021.0119999999997,
            "total_profit": 10345.583999999999,
            "profit_margin": 0.4892203577571262
        },
        {
            "Product ID": "OFF-AP-4964",
            "total_sales": 19549.8842,
            "total_quantity": 50,
            "average_price": 1629.1570166666668,
            "total_profit": 1782.1942,
            "profit_margin": 0.09116136861823457
        },
        {
            "Product ID": "OFF-AP-3575",
            "total_sales": 18450.0638,
            "total_quantity": 44,
            "average_price": 1537.5053166666667,
            "total_profit": 2153.3838,
            "profit_margin": 0.11671416550873932
        },
        {
            "Product ID": "OFF-AP-10002330",
            "total_sales": 18247.824,
            "total_quantity": 38,
            "average_price": 2606.832,
            "total_profit": 5452.464,
            "profit_margin": 0.298800777561204
        },
        {
            "Product ID": "OFF-AP-4738",
            "total_sales": 18161.72,
            "total_quantity": 39,
            "average_price": 1651.0654545454547,
            "total_profit": 1678.08,
            "profit_margin": 0.09239653512993262
        },
        {
            "Product ID": "OFF-AP-4962",
            "total_sales": 17763.984,
            "total_quantity": 46,
            "average_price": 1366.4603076923077,
            "total_profit": 4858.014,
            "profit_margin": 0.2734754771226995
        },
        {
            "Product ID": "OFF-AP-3577",
            "total_sales": 17673.3254,
            "total_quantity": 41,
            "average_price": 1606.6659454545456,
            "total_profit": 3011.1254,
            "profit_margin": 0.17037684373762504
        },
        {
            "Product ID": "OFF-AP-4502",
            "total_sales": 17251.1508,
            "total_quantity": 40,
            "average_price": 1437.5959,
            "total_profit": 2418.4408000000003,
            "profit_margin": 0.14019011415748567
        },
        {
            "Product ID": "OFF-AP-3873",
            "total_sales": 16364.016,
            "total_quantity": 40,
            "average_price": 1487.6378181818181,
            "total_profit": 4101.456,
            "profit_margin": 0.2506387185150638
        },
        {
            "Product ID": "OFF-AP-4505",
            "total_sales": 16148.3578,
            "total_quantity": 46,
            "average_price": 1076.5571866666667,
            "total_profit": -397.85220000000004,
            "profit_margin": -0.02463731637157557
        },
        {
            "Product ID": "OFF-AP-3874",
            "total_sales": 16099.328,
            "total_quantity": 41,
            "average_price": 1341.6106666666667,
            "total_profit": 2550.998,
            "profit_margin": 0.15845369446476276
        },
        {
            "Product ID": "OFF-AP-4742",
            "total_sales": 15893.628,
            "total_quantity": 35,
            "average_price": 1222.5867692307693,
            "total_profit": 1964.388,
            "profit_margin": 0.12359594675300063
        },
        {
            "Product ID": "OFF-AP-4503",
            "total_sales": 14972.9728,
            "total_quantity": 39,
            "average_price": 1361.1793454545455,
            "total_profit": 3016.5328,
            "profit_margin": 0.2014651893310058
        },
        {
            "Product ID": "OFF-AP-4958",
            "total_sales": 14728.1276,
            "total_quantity": 59,
            "average_price": 818.2293111111111,
            "total_profit": 996.7676,
            "profit_margin": 0.06767782212859155
        }
    ],
    "most_ordered_products_by_date": [
        {
            "Order Date": "2011-01-03",
            "Product Name": "Hoover Microwave, White",
            "total_sales": 276.102,
            "total_quantity": 1
        },
        {
            "Order Date": "2011-01-03",
            "Product Name": "Breville Coffee Grinder, Black",
            "total_sales": 122.58,
            "total_quantity": 2
        },
        {
            "Order Date": "2011-01-05",
            "Product Name": "Hoover Stove, Black",
            "total_sales": 3028.8,
            "total_quantity": 8
        },
        {
            "Order Date": "2011-01-10",
            "Product Name": "Hoover Microwave, Red",
            "total_sales": 308.64,
            "total_quantity": 1
        },
        {
            "Order Date": "2011-01-11",
            "Product Name": "KitchenAid Coffee Grinder, Black",
            "total_sales": 139.79999999999998,
            "total_quantity": 3
        },
        {
            "Order Date": "2011-01-15",
            "Product Name": "Cuisinart Microwave, White",
            "total_sales": 248.94,
            "total_quantity": 1
        },
        {
            "Order Date": "2011-01-19",
            "Product Name": "Fellowes Mighty 8 Compact Surge Protector",
            "total_sales": 64.864,
            "total_quantity": 4
        },
        {
            "Order Date": "2011-01-20",
            "Product Name": "Cuisinart Microwave, Silver",
            "total_sales": 372.28,
            "total_quantity": 2
        },
        {
            "Order Date": "2011-01-21",
            "Product Name": "Holmes Replacement Filter for HEPA Air Cleaner, Very Large Room, HEPA Filter",
            "total_sales": 247.716,
            "total_quantity": 4
        },
        {
            "Order Date": "2011-01-24",
            "Product Name": "Breville Stove, Black",
            "total_sales": 560.97,
            "total_quantity": 1
        },
        {
            "Order Date": "2011-01-26",
            "Product Name": "KitchenAid Coffee Grinder, Silver",
            "total_sales": 284.88,
            "total_quantity": 4
        },
        {
            "Order Date": "2011-01-26",
            "Product Name": "Hamilton Beach Blender, White",
            "total_sales": 114.86400000000002,
            "total_quantity": 4
        },
        {
            "Order Date": "2011-02-01",
            "Product Name": "Hamilton Beach Refrigerator, Silver",
            "total_sales": 400.7039999999999,
            "total_quantity": 2
        },
        {
            "Order Date": "2011-02-01",
            "Product Name": "KitchenAid Coffee Grinder, Red",
            "total_sales": 352.35,
            "total_quantity": 5
        },
        {
            "Order Date": "2011-02-04",
            "Product Name": "Breville Blender, Black",
            "total_sales": 883.8,
            "total_quantity": 10
        },
        {
            "Order Date": "2011-02-07",
            "Product Name": "Hoover Coffee Grinder, Silver",
            "total_sales": 278.16,
            "total_quantity": 4
        },
        {
            "Order Date": "2011-02-09",
            "Product Name": "Hamilton Beach Blender, Black",
            "total_sales": 422.82,
            "total_quantity": 9
        },
        {
            "Order Date": "2011-02-10",
            "Product Name": "KitchenAid Blender, White",
            "total_sales": 132.79999999999998,
            "total_quantity": 2
        },
        {
            "Order Date": "2011-02-15",
            "Product Name": "Cuisinart Blender, Black",
            "total_sales": 132.84,
            "total_quantity": 2
        },
        {
            "Order Date": "2011-02-15",
            "Product Name": "Belkin 8 Outlet Surge Protector",
            "total_sales": 81.96,
            "total_quantity": 2
        }
    ],
    "most_frequent_order_month": [
        {
            "Order Month": "2014-12",
            "Order Count": 121
        },
        {
            "Order Month": "2014-11",
            "Order Count": 114
        },
        {
            "Order Month": "2014-09",
            "Order Count": 104
        },
        {
            "Order Month": "2014-06",
            "Order Count": 94
        },
        {
            "Order Month": "2014-08",
            "Order Count": 88
        },
        {
            "Order Month": "2017-12",
            "Order Count": 79
        },
        {
            "Order Month": "2014-10",
            "Order Count": 78
        },
        {
            "Order Month": "2017-11",
            "Order Count": 75
        },
        {
            "Order Month": "2014-05",
            "Order Count": 70
        },
        {
            "Order Month": "2017-08",
            "Order Count": 62
        },
        {
            "Order Month": "2014-07",
            "Order Count": 59
        },
        {
            "Order Month": "2013-09",
            "Order Count": 57
        },
        {
            "Order Month": "2017-06",
            "Order Count": 57
        },
        {
            "Order Month": "2016-09",
            "Order Count": 57
        },
        {
            "Order Month": "2013-06",
            "Order Count": 56
        },
        {
            "Order Month": "2016-06",
            "Order Count": 56
        },
        {
            "Order Month": "2014-04",
            "Order Count": 54
        },
        {
            "Order Month": "2011-09",
            "Order Count": 53
        },
        {
            "Order Month": "2017-09",
            "Order Count": 52
        },
        {
            "Order Month": "2017-10",
            "Order Count": 52
        }
    ],
    "time_series_analysis": [
        {
            "Order Date": "2011-01",
            "total_sales": 5770.436,
            "total_quantity": 35
        },
        {
            "Order Date": "2011-02",
            "total_sales": 4705.337,
            "total_quantity": 51
        },
        {
            "Order Date": "2011-03",
            "total_sales": 8407.0587,
            "total_quantity": 65
        },
        {
            "Order Date": "2011-04",
            "total_sales": 13423.9034,
            "total_quantity": 87
        },
        {
            "Order Date": "2011-05",
            "total_sales": 12122.5187,
            "total_quantity": 74
        },
        {
            "Order Date": "2011-06",
            "total_sales": 20737.1951,
            "total_quantity": 144
        },
        {
            "Order Date": "2011-07",
            "total_sales": 6845.5237,
            "total_quantity": 28
        },
        {
            "Order Date": "2011-08",
            "total_sales": 11755.499,
            "total_quantity": 71
        },
        {
            "Order Date": "2011-09",
            "total_sales": 32707.1211,
            "total_quantity": 196
        },
        {
            "Order Date": "2011-10",
            "total_sales": 10968.9928,
            "total_quantity": 84
        },
        {
            "Order Date": "2011-11",
            "total_sales": 30317.338,
            "total_quantity": 171
        },
        {
            "Order Date": "2011-12",
            "total_sales": 15622.502900000001,
            "total_quantity": 126
        },
        {
            "Order Date": "2012-01",
            "total_sales": 16244.100299999998,
            "total_quantity": 76
        },
        {
            "Order Date": "2012-02",
            "total_sales": 2209.638,
            "total_quantity": 36
        },
        {
            "Order Date": "2012-03",
            "total_sales": 9657.863,
            "total_quantity": 73
        },
        {
            "Order Date": "2012-04",
            "total_sales": 8948.752,
            "total_quantity": 83
        },
        {
            "Order Date": "2012-05",
            "total_sales": 21333.8431,
            "total_quantity": 150
        },
        {
            "Order Date": "2012-06",
            "total_sales": 18133.512000000002,
            "total_quantity": 79
        },
        {
            "Order Date": "2012-07",
            "total_sales": 10502.9391,
            "total_quantity": 54
        },
        {
            "Order Date": "2012-08",
            "total_sales": 33564.9008,
            "total_quantity": 169
        },
        {
            "Order Date": "2012-09",
            "total_sales": 18481.36,
            "total_quantity": 101
        },
        {
            "Order Date": "2012-10",
            "total_sales": 14276.2968,
            "total_quantity": 109
        },
        {
            "Order Date": "2012-11",
            "total_sales": 30516.18,
            "total_quantity": 184
        },
        {
            "Order Date": "2012-12",
            "total_sales": 39073.5798,
            "total_quantity": 170
        },
        {
            "Order Date": "2013-01",
            "total_sales": 21906.3834,
            "total_quantity": 71
        },
        {
            "Order Date": "2013-02",
            "total_sales": 14566.765,
            "total_quantity": 72
        },
        {
            "Order Date": "2013-03",
            "total_sales": 15978.3678,
            "total_quantity": 121
        },
        {
            "Order Date": "2013-04",
            "total_sales": 16056.3568,
            "total_quantity": 90
        },
        {
            "Order Date": "2013-05",
            "total_sales": 18888.8042,
            "total_quantity": 136
        },
        {
            "Order Date": "2013-06",
            "total_sales": 39253.9201,
            "total_quantity": 207
        },
        {
            "Order Date": "2013-07",
            "total_sales": 16459.642,
            "total_quantity": 85
        },
        {
            "Order Date": "2013-08",
            "total_sales": 19135.1732,
            "total_quantity": 143
        },
        {
            "Order Date": "2013-09",
            "total_sales": 22304.3775,
            "total_quantity": 202
        },
        {
            "Order Date": "2013-10",
            "total_sales": 23973.7148,
            "total_quantity": 108
        },
        {
            "Order Date": "2013-11",
            "total_sales": 22976.8028,
            "total_quantity": 168
        },
        {
            "Order Date": "2013-12",
            "total_sales": 23450.8219,
            "total_quantity": 157
        },
        {
            "Order Date": "2014-01",
            "total_sales": 24614.169599999997,
            "total_quantity": 131
        },
        {
            "Order Date": "2014-02",
            "total_sales": 22622.184,
            "total_quantity": 153
        },
        {
            "Order Date": "2014-03",
            "total_sales": 26459.4502,
            "total_quantity": 198
        },
        {
            "Order Date": "2014-04",
            "total_sales": 34834.2182,
            "total_quantity": 203
        },
        {
            "Order Date": "2014-05",
            "total_sales": 40213.3621,
            "total_quantity": 223
        },
        {
            "Order Date": "2014-06",
            "total_sales": 46165.0694,
            "total_quantity": 316
        },
        {
            "Order Date": "2014-07",
            "total_sales": 34278.3177,
            "total_quantity": 187
        },
        {
            "Order Date": "2014-08",
            "total_sales": 62119.3313,
            "total_quantity": 310
        },
        {
            "Order Date": "2014-09",
            "total_sales": 57796.905099999996,
            "total_quantity": 355
        },
        {
            "Order Date": "2014-10",
            "total_sales": 42928.2544,
            "total_quantity": 272
        },
        {
            "Order Date": "2014-11",
            "total_sales": 76133.19589999999,
            "total_quantity": 444
        },
        {
            "Order Date": "2014-12",
            "total_sales": 64912.5487,
            "total_quantity": 433
        },
        {
            "Order Date": "2015-01",
            "total_sales": 16244.1003,
            "total_quantity": 76
        },
        {
            "Order Date": "2015-02",
            "total_sales": 2209.638,
            "total_quantity": 36
        },
        {
            "Order Date": "2015-03",
            "total_sales": 9597.173,
            "total_quantity": 66
        },
        {
            "Order Date": "2015-04",
            "total_sales": 8948.752,
            "total_quantity": 83
        },
        {
            "Order Date": "2015-05",
            "total_sales": 21333.843100000002,
            "total_quantity": 150
        },
        {
            "Order Date": "2015-06",
            "total_sales": 18133.512,
            "total_quantity": 79
        },
        {
            "Order Date": "2015-07",
            "total_sales": 10502.9391,
            "total_quantity": 54
        },
        {
            "Order Date": "2015-08",
            "total_sales": 33564.900799999996,
            "total_quantity": 169
        },
        {
            "Order Date": "2015-09",
            "total_sales": 18481.36,
            "total_quantity": 101
        },
        {
            "Order Date": "2015-10",
            "total_sales": 14276.2968,
            "total_quantity": 109
        },
        {
            "Order Date": "2015-11",
            "total_sales": 30516.18,
            "total_quantity": 184
        },
        {
            "Order Date": "2015-12",
            "total_sales": 39073.5798,
            "total_quantity": 170
        },
        {
            "Order Date": "2016-01",
            "total_sales": 21906.3834,
            "total_quantity": 71
        },
        {
            "Order Date": "2016-02",
            "total_sales": 14566.765,
            "total_quantity": 72
        },
        {
            "Order Date": "2016-03",
            "total_sales": 15978.3678,
            "total_quantity": 121
        },
        {
            "Order Date": "2016-04",
            "total_sales": 16056.3568,
            "total_quantity": 90
        },
        {
            "Order Date": "2016-05",
            "total_sales": 18792.2942,
            "total_quantity": 127
        },
        {
            "Order Date": "2016-06",
            "total_sales": 39253.9201,
            "total_quantity": 207
        },
        {
            "Order Date": "2016-07",
            "total_sales": 16459.642,
            "total_quantity": 85
        },
        {
            "Order Date": "2016-08",
            "total_sales": 19117.8332,
            "total_quantity": 141
        },
        {
            "Order Date": "2016-09",
            "total_sales": 22304.3775,
            "total_quantity": 202
        },
        {
            "Order Date": "2016-10",
            "total_sales": 23929.7948,
            "total_quantity": 104
        },
        {
            "Order Date": "2016-11",
            "total_sales": 22976.8028,
            "total_quantity": 168
        },
        {
            "Order Date": "2016-12",
            "total_sales": 23450.8219,
            "total_quantity": 157
        },
        {
            "Order Date": "2017-01",
            "total_sales": 18843.7336,
            "total_quantity": 96
        },
        {
            "Order Date": "2017-02",
            "total_sales": 17527.114,
            "total_quantity": 93
        },
        {
            "Order Date": "2017-03",
            "total_sales": 18356.5885,
            "total_quantity": 138
        },
        {
            "Order Date": "2017-04",
            "total_sales": 21475.0428,
            "total_quantity": 117
        },
        {
            "Order Date": "2017-05",
            "total_sales": 26557.9834,
            "total_quantity": 142
        },
        {
            "Order Date": "2017-06",
            "total_sales": 26920.0363,
            "total_quantity": 174
        },
        {
            "Order Date": "2017-07",
            "total_sales": 27050.506,
            "total_quantity": 155
        },
        {
            "Order Date": "2017-08",
            "total_sales": 50537.1103,
            "total_quantity": 233
        },
        {
            "Order Date": "2017-09",
            "total_sales": 25192.504,
            "total_quantity": 165
        },
        {
            "Order Date": "2017-10",
            "total_sales": 31273.1816,
            "total_quantity": 180
        },
        {
            "Order Date": "2017-11",
            "total_sales": 46568.3579,
            "total_quantity": 282
        },
        {
            "Order Date": "2017-12",
            "total_sales": 49267.5098,
            "total_quantity": 306
        }
    ],
    "customer_segmentation": [
        {
            "Customer ID": "PJ-18835",
            "total_spent": 8784.69,
            "purchase_frequency": 2,
            "average_order_value": 4392.345
        },
        {
            "Customer ID": "DP-13165",
            "total_spent": 8360.6211,
            "purchase_frequency": 4,
            "average_order_value": 1672.1242200000002
        },
        {
            "Customer ID": "TA-21385",
            "total_spent": 8251.179,
            "purchase_frequency": 2,
            "average_order_value": 4125.5895
        },
        {
            "Customer ID": "PJ-1883564",
            "total_spent": 7958.58,
            "purchase_frequency": 1,
            "average_order_value": 7958.58
        },
        {
            "Customer ID": "DR-12940",
            "total_spent": 7265.363400000001,
            "purchase_frequency": 3,
            "average_order_value": 2421.7878000000005
        },
        {
            "Customer ID": "ER-13855",
            "total_spent": 6655.9439999999995,
            "purchase_frequency": 3,
            "average_order_value": 2218.6479999999997
        },
        {
            "Customer ID": "ER-13855120",
            "total_spent": 6517.08,
            "purchase_frequency": 1,
            "average_order_value": 6517.08
        },
        {
            "Customer ID": "RO-19780",
            "total_spent": 6375.49,
            "purchase_frequency": 3,
            "average_order_value": 2125.1633333333334
        },
        {
            "Customer ID": "LB-16795",
            "total_spent": 6259.4592,
            "purchase_frequency": 4,
            "average_order_value": 1564.8648
        },
        {
            "Customer ID": "SB-20185",
            "total_spent": 6209.0650000000005,
            "purchase_frequency": 4,
            "average_order_value": 1552.2662500000001
        },
        {
            "Customer ID": "BN-11470",
            "total_spent": 6093.680000000001,
            "purchase_frequency": 3,
            "average_order_value": 2031.2266666666671
        },
        {
            "Customer ID": "SP-20920",
            "total_spent": 5998.554,
            "purchase_frequency": 5,
            "average_order_value": 1199.7108
        },
        {
            "Customer ID": "FW-14395",
            "total_spent": 5860.1903999999995,
            "purchase_frequency": 6,
            "average_order_value": 732.5237999999999
        },
        {
            "Customer ID": "DB-13060",
            "total_spent": 5845.536,
            "purchase_frequency": 3,
            "average_order_value": 1948.512
        },
        {
            "Customer ID": "DK-12835",
            "total_spent": 5764.118,
            "purchase_frequency": 4,
            "average_order_value": 1441.0295
        },
        {
            "Customer ID": "AT-10735",
            "total_spent": 5720.5869999999995,
            "purchase_frequency": 6,
            "average_order_value": 953.4311666666666
        },
        {
            "Customer ID": "CP-12340",
            "total_spent": 5717.84,
            "purchase_frequency": 3,
            "average_order_value": 1905.9466666666667
        },
        {
            "Customer ID": "DP-131657",
            "total_spent": 5599.584,
            "purchase_frequency": 1,
            "average_order_value": 2799.792
        },
        {
            "Customer ID": "JK-16090",
            "total_spent": 5364.366,
            "purchase_frequency": 4,
            "average_order_value": 1341.0915
        },
        {
            "Customer ID": "LB-16795139",
            "total_spent": 5273.7,
            "purchase_frequency": 1,
            "average_order_value": 5273.7
        }
    ],
    "discount_analysis": [
        {
            "Discount": 0.0,
            "total_sales": 1171874.65,
            "total_quantity": 6510,
            "average_profit": 157.87939204781705
        },
        {
            "Discount": 0.1,
            "total_sales": 392628.258,
            "total_quantity": 1776,
            "average_profit": 141.6849606837607
        },
        {
            "Discount": 0.15,
            "total_sales": 36288.335999999996,
            "total_quantity": 158,
            "average_profit": 33.6924
        },
        {
            "Discount": 0.17,
            "total_sales": 143282.07,
            "total_quantity": 564,
            "average_profit": 107.1834375
        },
        {
            "Discount": 0.2,
            "total_sales": 85864.856,
            "total_quantity": 1109,
            "average_profit": 37.160107876712324
        },
        {
            "Discount": 0.4,
            "total_sales": 76986.36,
            "total_quantity": 628,
            "average_profit": -84.47241379310346
        },
        {
            "Discount": 0.5,
            "total_sales": 60120.81,
            "total_quantity": 392,
            "average_profit": -334.37910000000005
        },
        {
            "Discount": 0.6,
            "total_sales": 31238.728,
            "total_quantity": 296,
            "average_profit": -227.31977419354837
        },
        {
            "Discount": 0.7,
            "total_sales": 16553.088,
            "total_quantity": 202,
            "average_profit": -275.566243902439
        },
        {
            "Discount": 0.8,
            "total_sales": 6762.673999999999,
            "total_quantity": 469,
            "average_profit": -129.72134060150378
        }
    ],
    "geographic_distribution": [
        {
            "State": "New York",
            "City": "New York City",
            "total_sales": 24553.17,
            "total_quantity": 283
        },
        {
            "State": "Jakarta",
            "City": "Jakarta",
            "total_sales": 21014.8032,
            "total_quantity": 70
        },
        {
            "State": "Madrid",
            "City": "Madrid",
            "total_sales": 20116.74,
            "total_quantity": 50
        },
        {
            "State": "Santo Domingo",
            "City": "Santo Domingo",
            "total_sales": 19877.728,
            "total_quantity": 120
        },
        {
            "State": "Ile-de-France",
            "City": "Paris",
            "total_sales": 18986.399999999998,
            "total_quantity": 62
        },
        {
            "State": "Jawa Timur",
            "City": "Surabaya",
            "total_sales": 17878.9968,
            "total_quantity": 46
        },
        {
            "State": "Managua",
            "City": "Managua",
            "total_sales": 17602.36,
            "total_quantity": 84
        },
        {
            "State": "Queensland",
            "City": "Gold Coast",
            "total_sales": 17420.561999999998,
            "total_quantity": 56
        },
        {
            "State": "California",
            "City": "Los Angeles",
            "total_sales": 17022.9,
            "total_quantity": 276
        },
        {
            "State": "Tuscany",
            "City": "Prato",
            "total_sales": 15917.16,
            "total_quantity": 28
        },
        {
            "State": "Ho Ch\u00ed Minh City",
            "City": "Ho Chi Minh City",
            "total_sales": 15444.623399999999,
            "total_quantity": 52
        },
        {
            "State": "Bangkok",
            "City": "Bangkok",
            "total_sales": 15208.720800000001,
            "total_quantity": 68
        },
        {
            "State": "Victoria",
            "City": "Melbourne",
            "total_sales": 15122.7,
            "total_quantity": 56
        },
        {
            "State": "Distrito Federal",
            "City": "Mexico City",
            "total_sales": 15044.12,
            "total_quantity": 104
        },
        {
            "State": "East Flanders",
            "City": "Ghent",
            "total_sales": 13673.76,
            "total_quantity": 38
        },
        {
            "State": "Francisco Moraz\u00e1n",
            "City": "Tegucigalpa",
            "total_sales": 13434.552,
            "total_quantity": 136
        },
        {
            "State": "Galicia",
            "City": "Lugo",
            "total_sales": 13245.72,
            "total_quantity": 28
        },
        {
            "State": "Delhi",
            "City": "Delhi",
            "total_sales": 13061.640000000001,
            "total_quantity": 46
        },
        {
            "State": "New South Wales",
            "City": "Wollongong",
            "total_sales": 12189.06,
            "total_quantity": 34
        },
        {
            "State": "California",
            "City": "San Francisco",
            "total_sales": 12000.07,
            "total_quantity": 185
        }
    ]
}