{
    "segment_distribution": {
        "Consumer": [
            2470,
            0.51
        ],
        "Corporate": [
            1500,
            0.31
        ],
        "Home Office": [
            852,
            0.18
        ]
    },
    "segment_quantity": {
        "Consumer": 3.48,
        "Corporate": 3.5,
        "Home Office": 3.26
    },
    "segment_unit_price": {
        "Consumer": 177.93,
        "Corporate": 174.42,
        "Home Office": 175.89
    },
    "segment_profit": {
        "Consumer": 18.42,
        "Corporate": 20.85,
        "Home Office": 20.19
    },
    "segment_discount": {
        "Consumer": 0.15,
        "Corporate": 0.15,
        "Home Office": 0.15
    },
    "country_distribution": {
        "United States": [
            456,
            0.09
        ],
        "Mexico": [
            320,
            0.07
        ],
        "Australia": [
            314,
            0.07
        ],
        "France": [
            264,
            0.05
        ],
        "China": [
            232,
            0.05
        ],
        "Brazil": [
            214,
            0.04
        ],
        "India": [
            196,
            0.04
        ],
        "Germany": [
            194,
            0.04
        ],
        "United Kingdom": [
            168,
            0.03
        ],
        "Indonesia": [
            140,
            0.03
        ],
        "Turkey": [
            130,
            0.03
        ],
        "Nicaragua": [
            106,
            0.02
        ],
        "Italy": [
            100,
            0.02
        ],
        "Spain": [
            98,
            0.02
        ],
        "Dominican Republic": [
            96,
            0.02
        ],
        "El Salvador": [
            88,
            0.02
        ],
        "Nigeria": [
            84,
            0.02
        ],
        "Honduras": [
            84,
            0.02
        ],
        "Philippines": [
            74,
            0.02
        ],
        "Cuba": [
            72,
            0.01
        ],
        "New Zealand": [
            68,
            0.01
        ],
        "Guatemala": [
            60,
            0.01
        ],
        "Colombia": [
            54,
            0.01
        ],
        "Netherlands": [
            52,
            0.01
        ],
        "Argentina": [
            50,
            0.01
        ],
        "Iran": [
            48,
            0.01
        ],
        "Egypt": [
            44,
            0.01
        ],
        "Panama": [
            40,
            0.01
        ],
        "South Africa": [
            37,
            0.01
        ],
        "Russia": [
            36,
            0.01
        ],
        "Thailand": [
            34,
            0.01
        ],
        "Iraq": [
            34,
            0.01
        ],
        "Saudi Arabia": [
            30,
            0.01
        ],
        "Democratic Republic of the Congo": [
            30,
            0.01
        ],
        "Vietnam": [
            29,
            0.01
        ],
        "Ukraine": [
            28,
            0.01
        ],
        "Bangladesh": [
            28,
            0.01
        ],
        "Japan": [
            28,
            0.01
        ],
        "Pakistan": [
            26,
            0.01
        ],
        "Venezuela": [
            26,
            0.01
        ],
        "Poland": [
            26,
            0.01
        ],
        "Canada": [
            26,
            0.01
        ],
        "Romania": [
            24,
            0.0
        ],
        "Algeria": [
            22,
            0.0
        ],
        "Austria": [
            22,
            0.0
        ],
        "Morocco": [
            20,
            0.0
        ],
        "Chile": [
            20,
            0.0
        ],
        "Peru": [
            20,
            0.0
        ],
        "Sweden": [
            20,
            0.0
        ],
        "South Korea": [
            20,
            0.0
        ],
        "Malaysia": [
            18,
            0.0
        ],
        "Belgium": [
            16,
            0.0
        ],
        "Mozambique": [
            15,
            0.0
        ],
        "Zambia": [
            14,
            0.0
        ],
        "Singapore": [
            12,
            0.0
        ],
        "Finland": [
            12,
            0.0
        ],
        "Angola": [
            12,
            0.0
        ],
        "Bulgaria": [
            12,
            0.0
        ],
        "Senegal": [
            10,
            0.0
        ],
        "Haiti": [
            10,
            0.0
        ],
        "Uganda": [
            10,
            0.0
        ],
        "Kazakhstan": [
            10,
            0.0
        ],
        "Bolivia": [
            10,
            0.0
        ],
        "Myanmar (Burma)": [
            10,
            0.0
        ],
        "Ireland": [
            8,
            0.0
        ],
        "Madagascar": [
            8,
            0.0
        ],
        "Jordan": [
            8,
            0.0
        ],
        "Ghana": [
            8,
            0.0
        ],
        "Cambodia": [
            8,
            0.0
        ],
        "Lithuania": [
            8,
            0.0
        ],
        "Cote d'Ivoire": [
            7,
            0.0
        ],
        "Hungary": [
            6,
            0.0
        ],
        "Mali": [
            6,
            0.0
        ],
        "Kenya": [
            6,
            0.0
        ],
        "Tanzania": [
            6,
            0.0
        ],
        "Cameroon": [
            6,
            0.0
        ],
        "Ecuador": [
            6,
            0.0
        ],
        "Portugal": [
            6,
            0.0
        ],
        "Switzerland": [
            6,
            0.0
        ],
        "Sudan": [
            6,
            0.0
        ],
        "Israel": [
            6,
            0.0
        ],
        "Libya": [
            6,
            0.0
        ],
        "C\u00f4te-d'Ivoire": [
            6,
            0.0
        ],
        "Albania": [
            4,
            0.0
        ],
        "Belarus": [
            4,
            0.0
        ],
        "Kyrgyzstan": [
            4,
            0.0
        ],
        "Liberia": [
            4,
            0.0
        ],
        "Zimbabwe": [
            4,
            0.0
        ],
        "Hong Kong": [
            4,
            0.0
        ],
        "Republic of the Congo": [
            4,
            0.0
        ],
        "Guadeloupe": [
            4,
            0.0
        ],
        "Afghanistan": [
            4,
            0.0
        ],
        "Estonia": [
            4,
            0.0
        ],
        "Norway": [
            4,
            0.0
        ],
        "Jamaica": [
            4,
            0.0
        ],
        "Rwanda": [
            4,
            0.0
        ],
        "Togo": [
            2,
            0.0
        ],
        "Lebanon": [
            2,
            0.0
        ],
        "Czech Republic": [
            2,
            0.0
        ],
        "Uzbekistan": [
            2,
            0.0
        ],
        "Montenegro": [
            2,
            0.0
        ],
        "Moldova": [
            2,
            0.0
        ],
        "Paraguay": [
            2,
            0.0
        ],
        "Croatia": [
            2,
            0.0
        ],
        "Syria": [
            2,
            0.0
        ],
        "Turkmenistan": [
            2,
            0.0
        ],
        "Trinidad and Tobago": [
            2,
            0.0
        ],
        "Djibouti": [
            2,
            0.0
        ],
        "Niger": [
            2,
            0.0
        ],
        "Somalia": [
            2,
            0.0
        ],
        "United Arab Emirates": [
            2,
            0.0
        ],
        "Sierra Leone": [
            2,
            0.0
        ],
        "Slovenia": [
            2,
            0.0
        ],
        "Taiwan": [
            2,
            0.0
        ],
        "Botswana": [
            1,
            0.0
        ],
        "Laos": [
            1,
            0.0
        ],
        "Malawi": [
            1,
            0.0
        ],
        "Western Sahara": [
            1,
            0.0
        ]
    },
    "country_quantity": {
        "Afghanistan": 3.5,
        "Albania": 1.0,
        "Algeria": 2.0,
        "Angola": 2.17,
        "Argentina": 3.44,
        "Australia": 3.77,
        "Austria": 3.55,
        "Bangladesh": 5.36,
        "Belarus": 6.5,
        "Belgium": 2.75,
        "Bolivia": 4.2,
        "Botswana": 1.0,
        "Brazil": 3.71,
        "Bulgaria": 3.0,
        "Cambodia": 3.25,
        "Cameroon": 2.0,
        "Canada": 2.46,
        "Chile": 3.2,
        "China": 3.89,
        "Colombia": 3.59,
        "Cote d'Ivoire": 1.57,
        "Croatia": 2.0,
        "Cuba": 3.81,
        "Czech Republic": 1.0,
        "C\u00f4te-d'Ivoire": 1.5,
        "Democratic Republic of the Congo": 2.07,
        "Djibouti": 2.0,
        "Dominican Republic": 3.29,
        "Ecuador": 3.33,
        "Egypt": 2.09,
        "El Salvador": 3.61,
        "Estonia": 2.5,
        "Finland": 3.17,
        "France": 3.67,
        "Germany": 3.57,
        "Ghana": 1.75,
        "Guadeloupe": 3.5,
        "Guatemala": 3.37,
        "Haiti": 4.4,
        "Honduras": 3.43,
        "Hong Kong": 2.5,
        "Hungary": 1.33,
        "India": 3.95,
        "Indonesia": 3.66,
        "Iran": 2.21,
        "Iraq": 1.35,
        "Ireland": 4.0,
        "Israel": 2.0,
        "Italy": 3.82,
        "Jamaica": 5.0,
        "Japan": 4.86,
        "Jordan": 2.5,
        "Kazakhstan": 1.8,
        "Kenya": 1.67,
        "Kyrgyzstan": 2.5,
        "Laos": 2.0,
        "Lebanon": 1.0,
        "Liberia": 1.5,
        "Libya": 3.0,
        "Lithuania": 3.0,
        "Madagascar": 2.5,
        "Malawi": 1.0,
        "Malaysia": 4.0,
        "Mali": 1.67,
        "Mexico": 3.77,
        "Moldova": 1.0,
        "Montenegro": 2.0,
        "Morocco": 1.9,
        "Mozambique": 2.2,
        "Myanmar (Burma)": 3.2,
        "Netherlands": 4.23,
        "New Zealand": 3.18,
        "Nicaragua": 3.87,
        "Niger": 1.0,
        "Nigeria": 2.29,
        "Norway": 5.0,
        "Pakistan": 2.85,
        "Panama": 4.3,
        "Paraguay": 2.0,
        "Peru": 3.6,
        "Philippines": 3.62,
        "Poland": 2.15,
        "Portugal": 3.67,
        "Republic of the Congo": 3.0,
        "Romania": 2.58,
        "Russia": 2.5,
        "Rwanda": 1.0,
        "Saudi Arabia": 2.87,
        "Senegal": 1.4,
        "Sierra Leone": 4.0,
        "Singapore": 3.17,
        "Slovenia": 6.0,
        "Somalia": 1.0,
        "South Africa": 1.97,
        "South Korea": 3.7,
        "Spain": 3.47,
        "Sudan": 2.67,
        "Sweden": 4.0,
        "Switzerland": 2.33,
        "Syria": 1.0,
        "Taiwan": 5.0,
        "Tanzania": 2.0,
        "Thailand": 3.41,
        "Togo": 1.0,
        "Trinidad and Tobago": 6.0,
        "Turkey": 2.15,
        "Turkmenistan": 2.0,
        "Uganda": 2.2,
        "Ukraine": 2.07,
        "United Arab Emirates": 6.0,
        "United Kingdom": 3.82,
        "United States": 3.81,
        "Uzbekistan": 1.0,
        "Venezuela": 2.92,
        "Vietnam": 3.86,
        "Western Sahara": 2.0,
        "Zambia": 2.57,
        "Zimbabwe": 1.5
    },
    "country_sales": {
        "Afghanistan": 1400.98,
        "Albania": 388.89,
        "Algeria": 557.25,
        "Angola": 772.78,
        "Argentina": 308.25,
        "Australia": 810.01,
        "Austria": 954.61,
        "Bangladesh": 1544.46,
        "Belarus": 939.15,
        "Belgium": 610.06,
        "Bolivia": 439.99,
        "Botswana": 364.32,
        "Brazil": 520.46,
        "Bulgaria": 584.8,
        "Cambodia": 903.08,
        "Cameroon": 265.53,
        "Canada": 441.08,
        "Chile": 308.11,
        "China": 914.09,
        "Colombia": 535.26,
        "Cote d'Ivoire": 463.1,
        "Croatia": 825.36,
        "Cuba": 520.85,
        "Czech Republic": 122.07,
        "C\u00f4te-d'Ivoire": 499.78,
        "Democratic Republic of the Congo": 544.67,
        "Djibouti": 244.14,
        "Dominican Republic": 308.76,
        "Ecuador": 609.68,
        "Egypt": 497.49,
        "El Salvador": 544.28,
        "Estonia": 941.28,
        "Finland": 697.2,
        "France": 722.05,
        "Germany": 714.88,
        "Ghana": 566.19,
        "Guadeloupe": 317.98,
        "Guatemala": 576.92,
        "Haiti": 396.13,
        "Honduras": 327.56,
        "Hong Kong": 718.48,
        "Hungary": 348.72,
        "India": 907.99,
        "Indonesia": 854.41,
        "Iran": 561.88,
        "Iraq": 326.21,
        "Ireland": 443.36,
        "Israel": 355.32,
        "Italy": 848.52,
        "Jamaica": 1336.5,
        "Japan": 917.73,
        "Jordan": 464.98,
        "Kazakhstan": 84.25,
        "Kenya": 463.72,
        "Kyrgyzstan": 310.24,
        "Laos": 458.36,
        "Lebanon": 146.82,
        "Liberia": 343.36,
        "Libya": 1140.68,
        "Lithuania": 225.89,
        "Madagascar": 609.18,
        "Malawi": 366.84,
        "Malaysia": 599.44,
        "Mali": 333.39,
        "Mexico": 483.21,
        "Moldova": 172.62,
        "Montenegro": 246.12,
        "Morocco": 397.58,
        "Mozambique": 541.64,
        "Myanmar (Burma)": 520.43,
        "Netherlands": 570.12,
        "New Zealand": 519.55,
        "Nicaragua": 571.83,
        "Niger": 392.31,
        "Nigeria": 165.89,
        "Norway": 689.86,
        "Pakistan": 519.49,
        "Panama": 479.71,
        "Paraguay": 200.44,
        "Peru": 309.97,
        "Philippines": 504.66,
        "Poland": 443.57,
        "Portugal": 638.35,
        "Republic of the Congo": 979.05,
        "Romania": 587.56,
        "Russia": 750.96,
        "Rwanda": 276.82,
        "Saudi Arabia": 557.24,
        "Senegal": 249.64,
        "Sierra Leone": 690.48,
        "Singapore": 809.0,
        "Slovenia": 1180.44,
        "Somalia": 415.2,
        "South Africa": 436.13,
        "South Korea": 755.0,
        "Spain": 826.13,
        "Sudan": 522.28,
        "Sweden": 515.4,
        "Switzerland": 553.68,
        "Syria": 170.19,
        "Taiwan": 2197.5,
        "Tanzania": 465.97,
        "Thailand": 524.12,
        "Togo": 168.03,
        "Trinidad and Tobago": 497.64,
        "Turkey": 205.34,
        "Turkmenistan": 218.03,
        "Uganda": 134.54,
        "Ukraine": 507.0,
        "United Arab Emirates": 224.75,
        "United Kingdom": 831.75,
        "United States": 503.86,
        "Uzbekistan": 125.1,
        "Venezuela": 197.75,
        "Vietnam": 391.46,
        "Western Sahara": 243.06,
        "Zambia": 778.84,
        "Zimbabwe": 68.74
    },
    "country_unit_price": {
        "Afghanistan": 400.28,
        "Albania": 388.89,
        "Algeria": 278.62,
        "Angola": 356.67,
        "Argentina": 89.61,
        "Australia": 214.82,
        "Austria": 269.25,
        "Bangladesh": 288.3,
        "Belarus": 144.48,
        "Belgium": 221.84,
        "Bolivia": 104.76,
        "Botswana": 364.32,
        "Brazil": 140.27,
        "Bulgaria": 194.93,
        "Cambodia": 277.87,
        "Cameroon": 132.77,
        "Canada": 179.19,
        "Chile": 96.28,
        "China": 235.11,
        "Colombia": 148.99,
        "Cote d'Ivoire": 294.7,
        "Croatia": 412.68,
        "Cuba": 136.87,
        "Czech Republic": 122.07,
        "C\u00f4te-d'Ivoire": 333.18,
        "Democratic Republic of the Congo": 263.55,
        "Djibouti": 122.07,
        "Dominican Republic": 93.8,
        "Ecuador": 182.9,
        "Egypt": 237.93,
        "El Salvador": 150.62,
        "Estonia": 376.51,
        "Finland": 220.17,
        "France": 196.92,
        "Germany": 200.41,
        "Ghana": 323.54,
        "Guadeloupe": 90.85,
        "Guatemala": 171.36,
        "Haiti": 90.03,
        "Honduras": 95.54,
        "Hong Kong": 287.39,
        "Hungary": 261.54,
        "India": 229.93,
        "Indonesia": 233.63,
        "Iran": 254.43,
        "Iraq": 241.11,
        "Ireland": 110.84,
        "Israel": 177.66,
        "Italy": 222.12,
        "Jamaica": 267.3,
        "Japan": 188.94,
        "Jordan": 185.99,
        "Kazakhstan": 46.81,
        "Kenya": 278.23,
        "Kyrgyzstan": 124.1,
        "Laos": 229.18,
        "Lebanon": 146.82,
        "Liberia": 228.91,
        "Libya": 380.23,
        "Lithuania": 75.3,
        "Madagascar": 243.67,
        "Malawi": 366.84,
        "Malaysia": 149.86,
        "Mali": 200.03,
        "Mexico": 128.21,
        "Moldova": 172.62,
        "Montenegro": 123.06,
        "Morocco": 209.25,
        "Mozambique": 246.2,
        "Myanmar (Burma)": 162.63,
        "Netherlands": 134.76,
        "New Zealand": 163.56,
        "Nicaragua": 147.84,
        "Niger": 392.31,
        "Nigeria": 72.58,
        "Norway": 137.97,
        "Pakistan": 182.52,
        "Panama": 111.56,
        "Paraguay": 100.22,
        "Peru": 86.1,
        "Philippines": 139.35,
        "Poland": 205.94,
        "Portugal": 174.1,
        "Republic of the Congo": 326.35,
        "Romania": 227.44,
        "Russia": 300.38,
        "Rwanda": 276.82,
        "Saudi Arabia": 194.38,
        "Senegal": 178.32,
        "Sierra Leone": 172.62,
        "Singapore": 255.48,
        "Slovenia": 196.74,
        "Somalia": 415.2,
        "South Africa": 221.05,
        "South Korea": 204.05,
        "Spain": 238.12,
        "Sudan": 195.86,
        "Sweden": 128.85,
        "Switzerland": 237.29,
        "Syria": 170.19,
        "Taiwan": 439.5,
        "Tanzania": 232.98,
        "Thailand": 153.62,
        "Togo": 168.03,
        "Trinidad and Tobago": 82.94,
        "Turkey": 95.34,
        "Turkmenistan": 109.02,
        "Uganda": 61.16,
        "Ukraine": 244.76,
        "United Arab Emirates": 37.46,
        "United Kingdom": 217.65,
        "United States": 132.35,
        "Uzbekistan": 125.1,
        "Venezuela": 67.65,
        "Vietnam": 101.36,
        "Western Sahara": 121.53,
        "Zambia": 302.88,
        "Zimbabwe": 45.83
    },
    "country_profit": {
        "Afghanistan": 135.87,
        "Albania": 121.43,
        "Algeria": 73.58,
        "Angola": 74.0,
        "Argentina": -29.88,
        "Australia": 19.91,
        "Austria": 68.87,
        "Bangladesh": 65.7,
        "Belarus": 72.23,
        "Belgium": 38.05,
        "Bolivia": 27.03,
        "Botswana": 18.21,
        "Brazil": 11.99,
        "Bulgaria": 56.52,
        "Cambodia": 50.95,
        "Cameroon": 43.22,
        "Canada": 41.95,
        "Chile": 26.09,
        "China": 51.03,
        "Colombia": 42.74,
        "Cote d'Ivoire": 90.49,
        "Croatia": 169.17,
        "Cuba": 41.1,
        "Czech Republic": 41.49,
        "C\u00f4te-d'Ivoire": 97.91,
        "Democratic Republic of the Congo": 71.01,
        "Djibouti": 41.49,
        "Dominican Republic": -24.07,
        "Ecuador": 76.45,
        "Egypt": 64.68,
        "El Salvador": 38.12,
        "Estonia": 98.04,
        "Finland": 60.18,
        "France": 24.43,
        "Germany": 36.11,
        "Ghana": 66.38,
        "Guadeloupe": 26.89,
        "Guatemala": 48.58,
        "Haiti": -34.75,
        "Honduras": -27.69,
        "Hong Kong": 62.09,
        "Hungary": 107.24,
        "India": 41.18,
        "Indonesia": 38.01,
        "Iran": 67.81,
        "Iraq": 70.2,
        "Ireland": -35.67,
        "Israel": 28.2,
        "Italy": 60.71,
        "Jamaica": 45.87,
        "Japan": 39.85,
        "Jordan": 51.32,
        "Kazakhstan": -69.21,
        "Kenya": 26.62,
        "Kyrgyzstan": 49.12,
        "Laos": -105.5,
        "Lebanon": 42.57,
        "Liberia": 72.53,
        "Libya": 112.82,
        "Lithuania": -99.88,
        "Madagascar": 66.95,
        "Malawi": 117.36,
        "Malaysia": 44.58,
        "Mali": 46.81,
        "Mexico": 8.25,
        "Moldova": 53.49,
        "Montenegro": 46.74,
        "Morocco": 47.42,
        "Mozambique": 64.41,
        "Myanmar (Burma)": -21.03,
        "Netherlands": -71.47,
        "New Zealand": 14.85,
        "Nicaragua": 34.78,
        "Niger": 19.59,
        "Nigeria": -112.34,
        "Norway": 46.09,
        "Pakistan": 3.46,
        "Panama": -34.21,
        "Paraguay": 41.08,
        "Peru": -25.63,
        "Philippines": -15.79,
        "Poland": 70.91,
        "Portugal": -35.09,
        "Republic of the Congo": 23.75,
        "Romania": 42.89,
        "Russia": 95.25,
        "Rwanda": 89.56,
        "Saudi Arabia": 44.7,
        "Senegal": 36.93,
        "Sierra Leone": 53.49,
        "Singapore": 42.9,
        "Slovenia": 86.55,
        "Somalia": 20.76,
        "South Africa": 47.8,
        "South Korea": -14.42,
        "Spain": 56.58,
        "Sudan": 42.62,
        "Sweden": -79.83,
        "Switzerland": 51.26,
        "Syria": 27.21,
        "Taiwan": 30.75,
        "Tanzania": 54.7,
        "Thailand": -38.07,
        "Togo": 38.64,
        "Trinidad and Tobago": 39.8,
        "Turkey": -78.12,
        "Turkmenistan": -94.5,
        "Uganda": -93.97,
        "Ukraine": 38.55,
        "United Arab Emirates": -38.71,
        "United Kingdom": 54.36,
        "United States": -4.0,
        "Uzbekistan": 60.03,
        "Venezuela": -22.83,
        "Vietnam": -24.67,
        "Western Sahara": 57.09,
        "Zambia": 118.11,
        "Zimbabwe": -96.83
    },
    "country_profit_margin": {
        "Afghanistan": 0.34,
        "Albania": 0.31,
        "Algeria": 0.26,
        "Angola": 0.21,
        "Argentina": -0.33,
        "Australia": 0.09,
        "Austria": 0.26,
        "Bangladesh": 0.23,
        "Belarus": 0.5,
        "Belgium": 0.17,
        "Bolivia": 0.26,
        "Botswana": 0.05,
        "Brazil": 0.09,
        "Bulgaria": 0.29,
        "Cambodia": 0.18,
        "Cameroon": 0.33,
        "Canada": 0.23,
        "Chile": 0.27,
        "China": 0.22,
        "Colombia": 0.29,
        "Cote d'Ivoire": 0.31,
        "Croatia": 0.41,
        "Cuba": 0.3,
        "Czech Republic": 0.34,
        "C\u00f4te-d'Ivoire": 0.29,
        "Democratic Republic of the Congo": 0.27,
        "Djibouti": 0.34,
        "Dominican Republic": -0.26,
        "Ecuador": 0.42,
        "Egypt": 0.27,
        "El Salvador": 0.25,
        "Estonia": 0.26,
        "Finland": 0.27,
        "France": 0.12,
        "Germany": 0.18,
        "Ghana": 0.21,
        "Guadeloupe": 0.3,
        "Guatemala": 0.28,
        "Haiti": -0.39,
        "Honduras": -0.29,
        "Hong Kong": 0.22,
        "Hungary": 0.41,
        "India": 0.18,
        "Indonesia": 0.16,
        "Iran": 0.27,
        "Iraq": 0.29,
        "Ireland": -0.32,
        "Israel": 0.16,
        "Italy": 0.27,
        "Jamaica": 0.17,
        "Japan": 0.21,
        "Jordan": 0.28,
        "Kazakhstan": -1.48,
        "Kenya": 0.1,
        "Kyrgyzstan": 0.4,
        "Laos": -0.46,
        "Lebanon": 0.29,
        "Liberia": 0.32,
        "Libya": 0.3,
        "Lithuania": -1.33,
        "Madagascar": 0.27,
        "Malawi": 0.32,
        "Malaysia": 0.3,
        "Mali": 0.23,
        "Mexico": 0.06,
        "Moldova": 0.31,
        "Montenegro": 0.38,
        "Morocco": 0.23,
        "Mozambique": 0.26,
        "Myanmar (Burma)": -0.13,
        "Netherlands": -0.53,
        "New Zealand": 0.09,
        "Nicaragua": 0.24,
        "Niger": 0.05,
        "Nigeria": -1.55,
        "Norway": 0.33,
        "Pakistan": 0.02,
        "Panama": -0.31,
        "Paraguay": 0.41,
        "Peru": -0.3,
        "Philippines": -0.11,
        "Poland": 0.34,
        "Portugal": -0.2,
        "Republic of the Congo": 0.07,
        "Romania": 0.19,
        "Russia": 0.32,
        "Rwanda": 0.32,
        "Saudi Arabia": 0.23,
        "Senegal": 0.21,
        "Sierra Leone": 0.31,
        "Singapore": 0.17,
        "Slovenia": 0.44,
        "Somalia": 0.05,
        "South Africa": 0.22,
        "South Korea": -0.07,
        "Spain": 0.24,
        "Sudan": 0.22,
        "Sweden": -0.62,
        "Switzerland": 0.22,
        "Syria": 0.16,
        "Taiwan": 0.07,
        "Tanzania": 0.23,
        "Thailand": -0.25,
        "Togo": 0.23,
        "Trinidad and Tobago": 0.48,
        "Turkey": -0.82,
        "Turkmenistan": -0.87,
        "Uganda": -1.54,
        "Ukraine": 0.16,
        "United Arab Emirates": -1.03,
        "United Kingdom": 0.25,
        "United States": -0.03,
        "Uzbekistan": 0.48,
        "Venezuela": -0.34,
        "Vietnam": -0.24,
        "Western Sahara": 0.47,
        "Zambia": 0.39,
        "Zimbabwe": -2.11
    },
    "top_10_states": {
        "England": [
            154,
            0.03
        ],
        "California": [
            104,
            0.02
        ],
        "Queensland": [
            94,
            0.02
        ],
        "New South Wales": [
            84,
            0.02
        ],
        "Ile-de-France": [
            82,
            0.02
        ],
        "San Salvador": [
            70,
            0.01
        ],
        "North Rhine-Westphalia": [
            70,
            0.01
        ],
        "Managua": [
            68,
            0.01
        ],
        "New York": [
            64,
            0.01
        ],
        "Distrito Federal": [
            58,
            0.01
        ]
    },
    "top_10_states_values": [
        154,
        104,
        94,
        84,
        82,
        70,
        70,
        68,
        64,
        58
    ],
    "top_10_cities": {
        "Managua": [
            62,
            0.01
        ],
        "New York City": [
            58,
            0.01
        ],
        "Santo Domingo": [
            54,
            0.01
        ],
        "Tegucigalpa": [
            48,
            0.01
        ],
        "Manila": [
            46,
            0.01
        ],
        "Istanbul": [
            36,
            0.01
        ],
        "Bangkok": [
            34,
            0.01
        ],
        "Jakarta": [
            34,
            0.01
        ],
        "Mexico City": [
            34,
            0.01
        ],
        "San Francisco": [
            32,
            0.01
        ]
    },
    "top_10_cities_values": [
        62,
        58,
        54,
        48,
        46,
        36,
        34,
        34,
        34,
        32
    ],
    "yearly_sales": {
        "2011": 259396.2858,
        "2012": 317953.4498,
        "2013": 376025.7999,
        "2014": 772592.9921,
        "2015": 317953.4498,
        "2016": 376025.7999,
        "2017": 513196.7063
    },
    "monthly_trend": {
        "April": {
            "2011": 6405.308,
            "2012": 16175.065499999999,
            "2013": 16594.9605,
            "2014": 37338.3925,
            "2015": 16175.0655,
            "2016": 16594.9605,
            "2017": 31500.6845
        },
        "August": {
            "2011": 24770.0855,
            "2012": 35400.7633,
            "2013": 41399.8946,
            "2014": 75787.8166,
            "2015": 35400.7633,
            "2016": 41399.8946,
            "2017": 50922.7346
        },
        "December": {
            "2011": 40245.3504,
            "2012": 33798.5572,
            "2013": 44172.889800000004,
            "2014": 93095.7257,
            "2015": 33798.5572,
            "2016": 44172.8898,
            "2017": 53925.1753
        },
        "February": {
            "2011": 11956.586,
            "2012": 12021.613,
            "2013": 16959.5443,
            "2014": 39513.0374,
            "2015": 12021.613,
            "2016": 16959.5443,
            "2017": 26045.2614
        },
        "January": {
            "2011": 13402.003,
            "2012": 16617.8201,
            "2013": 32256.561,
            "2014": 29053.0204,
            "2015": 16617.8201,
            "2016": 32256.561,
            "2017": 15651.0174
        },
        "July": {
            "2011": 9480.66,
            "2012": 13230.9616,
            "2013": 23720.064,
            "2014": 48972.778,
            "2015": 13230.9616,
            "2016": 23720.064,
            "2017": 39702.1945
        },
        "June": {
            "2011": 26425.9265,
            "2012": 29771.198,
            "2013": 32511.8958,
            "2014": 78173.6579,
            "2015": 29771.198,
            "2016": 32511.8958,
            "2017": 52796.1464
        },
        "March": {
            "2011": 11470.793,
            "2012": 21301.0851,
            "2013": 21750.6799,
            "2014": 43523.8443,
            "2015": 21301.0851,
            "2016": 21750.6799,
            "2017": 32996.6413
        },
        "May": {
            "2011": 14966.7142,
            "2012": 28612.4745,
            "2013": 17765.2013,
            "2014": 46387.832800000004,
            "2015": 28612.4745,
            "2016": 17765.2013,
            "2017": 29909.2636
        },
        "November": {
            "2011": 38598.7454,
            "2012": 40625.3007,
            "2013": 41279.1479,
            "2014": 94546.98700000001,
            "2015": 40625.3007,
            "2016": 41279.1479,
            "2017": 55939.4496
        },
        "October": {
            "2011": 24852.494,
            "2012": 32382.067300000002,
            "2013": 34164.855,
            "2014": 76949.2874,
            "2015": 32382.0673,
            "2016": 34164.855,
            "2017": 51030.7854
        },
        "September": {
            "2011": 36821.6198,
            "2012": 38016.5435,
            "2013": 53450.105800000005,
            "2014": 109250.6121,
            "2015": 38016.5435,
            "2016": 53450.1058,
            "2017": 72777.3523
        }
    },
    "shipping_delay_stats": {
        "mean": 3.9,
        "median": 4.0,
        "max": 7
    },
    "top_10_products_by_sales": {
        "Sauder Classic Bookcase, Traditional": 78216.606,
        "Bush Library with Doors, Metal": 57033.428400000004,
        "Safco Classic Bookcase, Mobile": 55392.219,
        "Safco Library with Doors, Pine": 54527.5236,
        "Bush Classic Bookcase, Traditional": 53070.648,
        "Safco Classic Bookcase, Traditional": 52461.16,
        "Dania Classic Bookcase, Pine": 51260.989199999996,
        "Safco Classic Bookcase, Metal": 50552.707200000004,
        "Ikea Classic Bookcase, Metal": 50110.0506,
        "Sauder Classic Bookcase, Pine": 48151.134
    },
    "top_10_products_by_profit": {
        "Sauder Classic Bookcase, Traditional": 21344.146,
        "Dania Classic Bookcase, Pine": 13130.0292,
        "Bush Classic Bookcase, Pine": 13021.348000000002,
        "Bush Classic Bookcase, Metal": 11743.566,
        "Safco Classic Bookcase, Metal": 10832.307200000001,
        "Ikea Classic Bookcase, Traditional": 10734.345,
        "Ikea Classic Bookcase, Mobile": 10696.162,
        "Dania Classic Bookcase, Traditional": 9087.796,
        "Sauder Classic Bookcase, Mobile": 8777.3148,
        "Sauder Stackable Bookrack, Pine": 8545.7966
    },
    "top_10_products_by_turnover": {
        "Bush Stackable Bookrack, Pine": 330,
        "Safco Stackable Bookrack, Pine": 270,
        "Sauder Stackable Bookrack, Pine": 266,
        "Dania Stackable Bookrack, Pine": 252,
        "Sauder Classic Bookcase, Traditional": 226,
        "Sauder Floating Shelf Set, Pine": 190,
        "Ikea Floating Shelf Set, Traditional": 188,
        "Ikea Library with Doors, Pine": 188,
        "Sauder Corner Shelving, Pine": 182,
        "Sauder 3-Shelf Cabinet, Mobile": 180
    },
    "top_5_loss_products": {
        "Ikea Library with Doors, Pine": -8644.992,
        "Bush Library with Doors, Traditional": -5482.228,
        "Safco Library with Doors, Traditional": -5380.017,
        "Bush Library with Doors, Pine": -5305.5414,
        "Ikea Classic Bookcase, Metal": -5222.741999999999
    },
    "product_performance": [
        {
            "Product Name": "Sauder Classic Bookcase, Traditional",
            "total_sales": 78216.606,
            "total_quantity": 226,
            "average_price": 1348.5621724137932,
            "total_profit": 21344.146,
            "profit_margin": 0.2728850955256228
        },
        {
            "Product Name": "Bush Library with Doors, Metal",
            "total_sales": 57033.428400000004,
            "total_quantity": 176,
            "average_price": 1239.857139130435,
            "total_profit": 1438.7083999999995,
            "profit_margin": 0.025225704299410474
        },
        {
            "Product Name": "Safco Classic Bookcase, Mobile",
            "total_sales": 55392.219,
            "total_quantity": 170,
            "average_price": 1154.0045625,
            "total_profit": 2902.2190000000005,
            "profit_margin": 0.05239398334989975
        },
        {
            "Product Name": "Safco Library with Doors, Pine",
            "total_sales": 54527.5236,
            "total_quantity": 178,
            "average_price": 1090.550472,
            "total_profit": 6721.6636,
            "profit_margin": 0.12327102270971278
        },
        {
            "Product Name": "Bush Classic Bookcase, Traditional",
            "total_sales": 53070.648,
            "total_quantity": 158,
            "average_price": 1206.151090909091,
            "total_profit": 5643.228,
            "profit_margin": 0.1063342584398065
        },
        {
            "Product Name": "Safco Classic Bookcase, Traditional",
            "total_sales": 52461.16,
            "total_quantity": 160,
            "average_price": 1049.2232000000001,
            "total_profit": 4146.96,
            "profit_margin": 0.07904819489313618
        },
        {
            "Product Name": "Dania Classic Bookcase, Pine",
            "total_sales": 51260.989199999996,
            "total_quantity": 176,
            "average_price": 1165.0224818181816,
            "total_profit": 13130.0292,
            "profit_margin": 0.25614076912897343
        },
        {
            "Product Name": "Safco Classic Bookcase, Metal",
            "total_sales": 50552.707200000004,
            "total_quantity": 150,
            "average_price": 1263.81768,
            "total_profit": 10832.307200000001,
            "profit_margin": 0.21427748977210068
        },
        {
            "Product Name": "Ikea Classic Bookcase, Metal",
            "total_sales": 50110.0506,
            "total_quantity": 160,
            "average_price": 1089.3489260869567,
            "total_profit": 1471.0506000000005,
            "profit_margin": 0.02935639821525146
        },
        {
            "Product Name": "Sauder Classic Bookcase, Pine",
            "total_sales": 48151.134,
            "total_quantity": 146,
            "average_price": 1094.3439545454546,
            "total_profit": 8535.534,
            "profit_margin": 0.17726548247025709
        },
        {
            "Product Name": "Bush Classic Bookcase, Metal",
            "total_sales": 47080.126,
            "total_quantity": 144,
            "average_price": 1023.4809999999999,
            "total_profit": 11743.566,
            "profit_margin": 0.24943786259195655
        },
        {
            "Product Name": "Sauder Classic Bookcase, Metal",
            "total_sales": 46389.94,
            "total_quantity": 138,
            "average_price": 1546.3313333333333,
            "total_profit": 8086.9,
            "profit_margin": 0.17432443327152394
        },
        {
            "Product Name": "Ikea Classic Bookcase, Traditional",
            "total_sales": 45503.865,
            "total_quantity": 124,
            "average_price": 1083.4253571428571,
            "total_profit": 10734.345,
            "profit_margin": 0.23589963182248364
        },
        {
            "Product Name": "Ikea Library with Doors, Pine",
            "total_sales": 45072.1376,
            "total_quantity": 188,
            "average_price": 804.8596,
            "total_profit": -555.9024000000004,
            "profit_margin": -0.012333615168941985
        },
        {
            "Product Name": "Ikea Classic Bookcase, Mobile",
            "total_sales": 43608.82199999999,
            "total_quantity": 130,
            "average_price": 1362.7756874999998,
            "total_profit": 10696.162,
            "profit_margin": 0.24527518766730277
        },
        {
            "Product Name": "Safco Classic Bookcase, Pine",
            "total_sales": 43598.4,
            "total_quantity": 120,
            "average_price": 1282.3058823529411,
            "total_profit": -2546.9800000000005,
            "profit_margin": -0.058419116297845804
        },
        {
            "Product Name": "Dania Library with Doors, Traditional",
            "total_sales": 42990.304,
            "total_quantity": 152,
            "average_price": 895.6313333333333,
            "total_profit": 6527.424,
            "profit_margin": 0.15183479512031364
        },
        {
            "Product Name": "Sauder Classic Bookcase, Mobile",
            "total_sales": 40114.8948,
            "total_quantity": 116,
            "average_price": 1055.6551263157896,
            "total_profit": 8777.3148,
            "profit_margin": 0.2188043828548193
        },
        {
            "Product Name": "Ikea Library with Doors, Mobile",
            "total_sales": 38518.126000000004,
            "total_quantity": 134,
            "average_price": 962.95315,
            "total_profit": 1527.326,
            "profit_margin": 0.03965213676283212
        },
        {
            "Product Name": "Bush Classic Bookcase, Mobile",
            "total_sales": 38043.392,
            "total_quantity": 110,
            "average_price": 1001.1418947368421,
            "total_profit": 7345.152,
            "profit_margin": 0.19307300463638993
        }
    ],
    "most_ordered_products_by_date": [
        {
            "Year_Month": "2011-01",
            "Product Name": "Bush Classic Bookcase, Traditional",
            "total_sales": 1650.72,
            "total_quantity": 4
        },
        {
            "Year_Month": "2011-01",
            "Product Name": "Sauder Classic Bookcase, Traditional",
            "total_sales": 435.99,
            "total_quantity": 1
        },
        {
            "Year_Month": "2011-02",
            "Product Name": "Sauder Classic Bookcase, Traditional",
            "total_sales": 1743.96,
            "total_quantity": 4
        },
        {
            "Year_Month": "2011-03",
            "Product Name": "Safco Library with Doors, Pine",
            "total_sales": 417.216,
            "total_quantity": 2
        },
        {
            "Year_Month": "2011-04",
            "Product Name": "Bush Library with Doors, Metal",
            "total_sales": 194.016,
            "total_quantity": 1
        },
        {
            "Year_Month": "2011-04",
            "Product Name": "Safco Library with Doors, Pine",
            "total_sales": 834.432,
            "total_quantity": 4
        },
        {
            "Year_Month": "2011-05",
            "Product Name": "Sauder Classic Bookcase, Traditional",
            "total_sales": 1133.574,
            "total_quantity": 5
        },
        {
            "Year_Month": "2011-06",
            "Product Name": "Bush Classic Bookcase, Traditional",
            "total_sales": 619.02,
            "total_quantity": 3
        },
        {
            "Year_Month": "2011-06",
            "Product Name": "Safco Library with Doors, Pine",
            "total_sales": 704.052,
            "total_quantity": 2
        },
        {
            "Year_Month": "2011-06",
            "Product Name": "Sauder Classic Bookcase, Traditional",
            "total_sales": 566.787,
            "total_quantity": 2
        },
        {
            "Year_Month": "2011-08",
            "Product Name": "Bush Library with Doors, Metal",
            "total_sales": 5056.542,
            "total_quantity": 14
        },
        {
            "Year_Month": "2011-09",
            "Product Name": "Safco Classic Bookcase, Mobile",
            "total_sales": 705.072,
            "total_quantity": 4
        },
        {
            "Year_Month": "2011-09",
            "Product Name": "Sauder Classic Bookcase, Traditional",
            "total_sales": 3110.0620000000004,
            "total_quantity": 10
        },
        {
            "Year_Month": "2011-10",
            "Product Name": "Bush Classic Bookcase, Traditional",
            "total_sales": 1375.6,
            "total_quantity": 5
        },
        {
            "Year_Month": "2011-10",
            "Product Name": "Bush Library with Doors, Metal",
            "total_sales": 873.0720000000001,
            "total_quantity": 3
        },
        {
            "Year_Month": "2011-11",
            "Product Name": "Bush Classic Bookcase, Traditional",
            "total_sales": 2063.4,
            "total_quantity": 5
        },
        {
            "Year_Month": "2011-11",
            "Product Name": "Safco Classic Bookcase, Mobile",
            "total_sales": 1175.12,
            "total_quantity": 4
        },
        {
            "Year_Month": "2011-11",
            "Product Name": "Safco Library with Doors, Pine",
            "total_sales": 312.91200000000003,
            "total_quantity": 2
        },
        {
            "Year_Month": "2011-11",
            "Product Name": "Sauder Classic Bookcase, Traditional",
            "total_sales": 3051.9300000000003,
            "total_quantity": 7
        },
        {
            "Year_Month": "2011-12",
            "Product Name": "Safco Classic Bookcase, Mobile",
            "total_sales": 1983.015,
            "total_quantity": 5
        },
        {
            "Year_Month": "2012-01",
            "Product Name": "Safco Library with Doors, Pine",
            "total_sales": 3637.602,
            "total_quantity": 10
        },
        {
            "Year_Month": "2012-01",
            "Product Name": "Sauder Classic Bookcase, Traditional",
            "total_sales": 2092.752,
            "total_quantity": 9
        },
        {
            "Year_Month": "2012-02",
            "Product Name": "Safco Library with Doors, Pine",
            "total_sales": 2737.98,
            "total_quantity": 7
        },
        {
            "Year_Month": "2012-03",
            "Product Name": "Bush Classic Bookcase, Traditional",
            "total_sales": 742.8240000000001,
            "total_quantity": 2
        },
        {
            "Year_Month": "2012-04",
            "Product Name": "Bush Library with Doors, Metal",
            "total_sales": 2182.6800000000003,
            "total_quantity": 6
        },
        {
            "Year_Month": "2012-04",
            "Product Name": "Safco Classic Bookcase, Mobile",
            "total_sales": 859.3064999999999,
            "total_quantity": 3
        },
        {
            "Year_Month": "2012-05",
            "Product Name": "Bush Classic Bookcase, Traditional",
            "total_sales": 1815.792,
            "total_quantity": 6
        },
        {
            "Year_Month": "2012-06",
            "Product Name": "Bush Library with Doors, Metal",
            "total_sales": 2546.46,
            "total_quantity": 7
        },
        {
            "Year_Month": "2012-06",
            "Product Name": "Safco Classic Bookcase, Mobile",
            "total_sales": 176.268,
            "total_quantity": 1
        },
        {
            "Year_Month": "2012-06",
            "Product Name": "Safco Library with Doors, Pine",
            "total_sales": 782.28,
            "total_quantity": 2
        },
        {
            "Year_Month": "2012-07",
            "Product Name": "Safco Library with Doors, Pine",
            "total_sales": 391.14,
            "total_quantity": 1
        },
        {
            "Year_Month": "2012-08",
            "Product Name": "Bush Classic Bookcase, Traditional",
            "total_sales": 1857.06,
            "total_quantity": 5
        },
        {
            "Year_Month": "2012-08",
            "Product Name": "Bush Library with Doors, Metal",
            "total_sales": 1309.6080000000002,
            "total_quantity": 4
        },
        {
            "Year_Month": "2012-09",
            "Product Name": "Safco Classic Bookcase, Mobile",
            "total_sales": 352.536,
            "total_quantity": 2
        },
        {
            "Year_Month": "2012-09",
            "Product Name": "Safco Library with Doors, Pine",
            "total_sales": 156.456,
            "total_quantity": 1
        },
        {
            "Year_Month": "2012-10",
            "Product Name": "Bush Library with Doors, Metal",
            "total_sales": 945.828,
            "total_quantity": 4
        },
        {
            "Year_Month": "2012-11",
            "Product Name": "Bush Library with Doors, Metal",
            "total_sales": 1455.12,
            "total_quantity": 4
        },
        {
            "Year_Month": "2012-11",
            "Product Name": "Safco Classic Bookcase, Mobile",
            "total_sales": 235.02400000000003,
            "total_quantity": 1
        },
        {
            "Year_Month": "2012-11",
            "Product Name": "Safco Library with Doors, Pine",
            "total_sales": 782.28,
            "total_quantity": 3
        },
        {
            "Year_Month": "2012-11",
            "Product Name": "Sauder Classic Bookcase, Traditional",
            "total_sales": 2615.94,
            "total_quantity": 9
        },
        {
            "Year_Month": "2012-12",
            "Product Name": "Bush Library with Doors, Metal",
            "total_sales": 2182.6800000000003,
            "total_quantity": 6
        },
        {
            "Year_Month": "2013-01",
            "Product Name": "Bush Classic Bookcase, Traditional",
            "total_sales": 2751.2,
            "total_quantity": 10
        },
        {
            "Year_Month": "2013-01",
            "Product Name": "Bush Library with Doors, Metal",
            "total_sales": 1637.0100000000002,
            "total_quantity": 5
        },
        {
            "Year_Month": "2013-02",
            "Product Name": "Safco Classic Bookcase, Mobile",
            "total_sales": 1322.0099999999998,
            "total_quantity": 6
        },
        {
            "Year_Month": "2013-02",
            "Product Name": "Sauder Classic Bookcase, Traditional",
            "total_sales": 4359.9,
            "total_quantity": 10
        },
        {
            "Year_Month": "2013-03",
            "Product Name": "Sauder Classic Bookcase, Traditional",
            "total_sales": 1961.955,
            "total_quantity": 5
        },
        {
            "Year_Month": "2013-05",
            "Product Name": "Bush Library with Doors, Metal",
            "total_sales": 1455.12,
            "total_quantity": 4
        },
        {
            "Year_Month": "2013-05",
            "Product Name": "Sauder Classic Bookcase, Traditional",
            "total_sales": 697.5840000000001,
            "total_quantity": 3
        },
        {
            "Year_Month": "2013-06",
            "Product Name": "Bush Classic Bookcase, Traditional",
            "total_sales": 2476.08,
            "total_quantity": 6
        },
        {
            "Year_Month": "2013-06",
            "Product Name": "Safco Classic Bookcase, Mobile",
            "total_sales": 2115.2159999999994,
            "total_quantity": 5
        },
        {
            "Year_Month": "2013-06",
            "Product Name": "Sauder Classic Bookcase, Traditional",
            "total_sales": 174.39600000000002,
            "total_quantity": 1
        },
        {
            "Year_Month": "2013-07",
            "Product Name": "Bush Classic Bookcase, Traditional",
            "total_sales": 2888.76,
            "total_quantity": 7
        },
        {
            "Year_Month": "2013-08",
            "Product Name": "Bush Library with Doors, Metal",
            "total_sales": 1091.34,
            "total_quantity": 3
        },
        {
            "Year_Month": "2013-09",
            "Product Name": "Safco Classic Bookcase, Mobile",
            "total_sales": 1586.412,
            "total_quantity": 5
        },
        {
            "Year_Month": "2013-10",
            "Product Name": "Bush Classic Bookcase, Traditional",
            "total_sales": 825.36,
            "total_quantity": 2
        },
        {
            "Year_Month": "2013-10",
            "Product Name": "Bush Library with Doors, Metal",
            "total_sales": 242.52,
            "total_quantity": 1
        },
        {
            "Year_Month": "2013-10",
            "Product Name": "Safco Classic Bookcase, Mobile",
            "total_sales": 1260.3162000000002,
            "total_quantity": 5
        },
        {
            "Year_Month": "2013-10",
            "Product Name": "Safco Library with Doors, Pine",
            "total_sales": 1564.56,
            "total_quantity": 4
        },
        {
            "Year_Month": "2013-10",
            "Product Name": "Sauder Classic Bookcase, Traditional",
            "total_sales": 697.5840000000001,
            "total_quantity": 4
        },
        {
            "Year_Month": "2013-11",
            "Product Name": "Bush Classic Bookcase, Traditional",
            "total_sales": 1485.6480000000001,
            "total_quantity": 4
        },
        {
            "Year_Month": "2013-11",
            "Product Name": "Safco Classic Bookcase, Mobile",
            "total_sales": 2115.2160000000003,
            "total_quantity": 9
        },
        {
            "Year_Month": "2013-11",
            "Product Name": "Safco Library with Doors, Pine",
            "total_sales": 782.28,
            "total_quantity": 2
        },
        {
            "Year_Month": "2013-12",
            "Product Name": "Safco Library with Doors, Pine",
            "total_sales": 3911.4,
            "total_quantity": 16
        },
        {
            "Year_Month": "2013-12",
            "Product Name": "Sauder Classic Bookcase, Traditional",
            "total_sales": 435.99,
            "total_quantity": 1
        },
        {
            "Year_Month": "2014-01",
            "Product Name": "Bush Classic Bookcase, Traditional",
            "total_sales": 1650.72,
            "total_quantity": 4
        },
        {
            "Year_Month": "2014-01",
            "Product Name": "Bush Library with Doors, Metal",
            "total_sales": 654.8040000000001,
            "total_quantity": 2
        },
        {
            "Year_Month": "2014-01",
            "Product Name": "Sauder Classic Bookcase, Traditional",
            "total_sales": 435.99,
            "total_quantity": 1
        },
        {
            "Year_Month": "2014-02",
            "Product Name": "Safco Library with Doors, Pine",
            "total_sales": 1564.56,
            "total_quantity": 4
        },
        {
            "Year_Month": "2014-02",
            "Product Name": "Sauder Classic Bookcase, Traditional",
            "total_sales": 1743.96,
            "total_quantity": 4
        },
        {
            "Year_Month": "2014-03",
            "Product Name": "Bush Classic Bookcase, Traditional",
            "total_sales": 1114.236,
            "total_quantity": 3
        },
        {
            "Year_Month": "2014-03",
            "Product Name": "Bush Library with Doors, Metal",
            "total_sales": 291.024,
            "total_quantity": 2
        },
        {
            "Year_Month": "2014-03",
            "Product Name": "Safco Library with Doors, Pine",
            "total_sales": 417.216,
            "total_quantity": 2
        },
        {
            "Year_Month": "2014-04",
            "Product Name": "Bush Classic Bookcase, Traditional",
            "total_sales": 825.3599999999999,
            "total_quantity": 5
        },
        {
            "Year_Month": "2014-04",
            "Product Name": "Bush Library with Doors, Metal",
            "total_sales": 2485.8300000000004,
            "total_quantity": 8
        },
        {
            "Year_Month": "2014-04",
            "Product Name": "Safco Library with Doors, Pine",
            "total_sales": 834.432,
            "total_quantity": 4
        },
        {
            "Year_Month": "2014-04",
            "Product Name": "Sauder Classic Bookcase, Traditional",
            "total_sales": 871.98,
            "total_quantity": 2
        },
        {
            "Year_Month": "2014-05",
            "Product Name": "Bush Library with Doors, Metal",
            "total_sales": 945.828,
            "total_quantity": 4
        },
        {
            "Year_Month": "2014-05",
            "Product Name": "Sauder Classic Bookcase, Traditional",
            "total_sales": 2179.95,
            "total_quantity": 9
        },
        {
            "Year_Month": "2014-06",
            "Product Name": "Bush Classic Bookcase, Traditional",
            "total_sales": 3562.804,
            "total_quantity": 12
        },
        {
            "Year_Month": "2014-06",
            "Product Name": "Safco Library with Doors, Pine",
            "total_sales": 1095.192,
            "total_quantity": 3
        },
        {
            "Year_Month": "2014-06",
            "Product Name": "Sauder Classic Bookcase, Traditional",
            "total_sales": 3705.915,
            "total_quantity": 10
        },
        {
            "Year_Month": "2014-07",
            "Product Name": "Safco Classic Bookcase, Mobile",
            "total_sales": 3278.5848,
            "total_quantity": 8
        },
        {
            "Year_Month": "2014-07",
            "Product Name": "Safco Library with Doors, Pine",
            "total_sales": 3066.5375999999997,
            "total_quantity": 9
        },
        {
            "Year_Month": "2014-07",
            "Product Name": "Sauder Classic Bookcase, Traditional",
            "total_sales": 348.79200000000003,
            "total_quantity": 2
        },
        {
            "Year_Month": "2014-08",
            "Product Name": "Bush Classic Bookcase, Traditional",
            "total_sales": 825.36,
            "total_quantity": 2
        },
        {
            "Year_Month": "2014-08",
            "Product Name": "Bush Library with Doors, Metal",
            "total_sales": 5394.8574,
            "total_quantity": 15
        },
        {
            "Year_Month": "2014-08",
            "Product Name": "Safco Classic Bookcase, Mobile",
            "total_sales": 881.3399999999999,
            "total_quantity": 2
        },
        {
            "Year_Month": "2014-08",
            "Product Name": "Safco Library with Doors, Pine",
            "total_sales": 260.76,
            "total_quantity": 1
        },
        {
            "Year_Month": "2014-08",
            "Product Name": "Sauder Classic Bookcase, Traditional",
            "total_sales": 1307.97,
            "total_quantity": 3
        },
        {
            "Year_Month": "2014-09",
            "Product Name": "Bush Library with Doors, Metal",
            "total_sales": 1637.0100000000002,
            "total_quantity": 5
        },
        {
            "Year_Month": "2014-09",
            "Product Name": "Safco Classic Bookcase, Mobile",
            "total_sales": 5067.705,
            "total_quantity": 15
        },
        {
            "Year_Month": "2014-09",
            "Product Name": "Safco Library with Doors, Pine",
            "total_sales": 1173.42,
            "total_quantity": 3
        },
        {
            "Year_Month": "2014-09",
            "Product Name": "Sauder Classic Bookcase, Traditional",
            "total_sales": 12425.715,
            "total_quantity": 33
        },
        {
            "Year_Month": "2014-10",
            "Product Name": "Bush Classic Bookcase, Traditional",
            "total_sales": 1375.6,
            "total_quantity": 5
        },
        {
            "Year_Month": "2014-10",
            "Product Name": "Bush Library with Doors, Metal",
            "total_sales": 873.072,
            "total_quantity": 3
        },
        {
            "Year_Month": "2014-10",
            "Product Name": "Safco Library with Doors, Pine",
            "total_sales": 2701.4736000000003,
            "total_quantity": 12
        },
        {
            "Year_Month": "2014-11",
            "Product Name": "Bush Classic Bookcase, Traditional",
            "total_sales": 2338.52,
            "total_quantity": 6
        },
        {
            "Year_Month": "2014-11",
            "Product Name": "Bush Library with Doors, Metal",
            "total_sales": 1185.9228,
            "total_quantity": 5
        },
        {
            "Year_Month": "2014-11",
            "Product Name": "Safco Classic Bookcase, Mobile",
            "total_sales": 1880.192,
            "total_quantity": 7
        },
        {
            "Year_Month": "2014-11",
            "Product Name": "Safco Library with Doors, Pine",
            "total_sales": 312.912,
            "total_quantity": 2
        },
        {
            "Year_Month": "2014-11",
            "Product Name": "Sauder Classic Bookcase, Traditional",
            "total_sales": 3051.9300000000003,
            "total_quantity": 7
        },
        {
            "Year_Month": "2014-12",
            "Product Name": "Safco Classic Bookcase, Mobile",
            "total_sales": 6565.982999999999,
            "total_quantity": 16
        },
        {
            "Year_Month": "2014-12",
            "Product Name": "Safco Library with Doors, Pine",
            "total_sales": 1091.2805999999998,
            "total_quantity": 3
        },
        {
            "Year_Month": "2015-01",
            "Product Name": "Safco Library with Doors, Pine",
            "total_sales": 3637.602,
            "total_quantity": 10
        },
        {
            "Year_Month": "2015-01",
            "Product Name": "Sauder Classic Bookcase, Traditional",
            "total_sales": 2092.752,
            "total_quantity": 9
        },
        {
            "Year_Month": "2015-02",
            "Product Name": "Safco Library with Doors, Pine",
            "total_sales": 2737.98,
            "total_quantity": 7
        },
        {
            "Year_Month": "2015-03",
            "Product Name": "Bush Classic Bookcase, Traditional",
            "total_sales": 742.824,
            "total_quantity": 2
        },
        {
            "Year_Month": "2015-04",
            "Product Name": "Bush Library with Doors, Metal",
            "total_sales": 2182.68,
            "total_quantity": 6
        },
        {
            "Year_Month": "2015-04",
            "Product Name": "Safco Classic Bookcase, Mobile",
            "total_sales": 859.3065,
            "total_quantity": 3
        },
        {
            "Year_Month": "2015-05",
            "Product Name": "Bush Classic Bookcase, Traditional",
            "total_sales": 1815.792,
            "total_quantity": 6
        },
        {
            "Year_Month": "2015-06",
            "Product Name": "Bush Library with Doors, Metal",
            "total_sales": 2546.46,
            "total_quantity": 7
        },
        {
            "Year_Month": "2015-06",
            "Product Name": "Safco Classic Bookcase, Mobile",
            "total_sales": 176.268,
            "total_quantity": 1
        },
        {
            "Year_Month": "2015-06",
            "Product Name": "Safco Library with Doors, Pine",
            "total_sales": 782.28,
            "total_quantity": 2
        },
        {
            "Year_Month": "2015-07",
            "Product Name": "Safco Library with Doors, Pine",
            "total_sales": 391.14,
            "total_quantity": 1
        },
        {
            "Year_Month": "2015-08",
            "Product Name": "Bush Classic Bookcase, Traditional",
            "total_sales": 1857.06,
            "total_quantity": 5
        },
        {
            "Year_Month": "2015-08",
            "Product Name": "Bush Library with Doors, Metal",
            "total_sales": 1309.608,
            "total_quantity": 4
        },
        {
            "Year_Month": "2015-09",
            "Product Name": "Safco Classic Bookcase, Mobile",
            "total_sales": 352.536,
            "total_quantity": 2
        },
        {
            "Year_Month": "2015-09",
            "Product Name": "Safco Library with Doors, Pine",
            "total_sales": 156.456,
            "total_quantity": 1
        },
        {
            "Year_Month": "2015-10",
            "Product Name": "Bush Library with Doors, Metal",
            "total_sales": 945.828,
            "total_quantity": 4
        },
        {
            "Year_Month": "2015-11",
            "Product Name": "Bush Library with Doors, Metal",
            "total_sales": 1455.12,
            "total_quantity": 4
        },
        {
            "Year_Month": "2015-11",
            "Product Name": "Safco Classic Bookcase, Mobile",
            "total_sales": 235.024,
            "total_quantity": 1
        },
        {
            "Year_Month": "2015-11",
            "Product Name": "Safco Library with Doors, Pine",
            "total_sales": 782.28,
            "total_quantity": 3
        },
        {
            "Year_Month": "2015-11",
            "Product Name": "Sauder Classic Bookcase, Traditional",
            "total_sales": 2615.94,
            "total_quantity": 9
        },
        {
            "Year_Month": "2015-12",
            "Product Name": "Bush Library with Doors, Metal",
            "total_sales": 2182.68,
            "total_quantity": 6
        },
        {
            "Year_Month": "2016-01",
            "Product Name": "Bush Classic Bookcase, Traditional",
            "total_sales": 2751.2,
            "total_quantity": 10
        },
        {
            "Year_Month": "2016-01",
            "Product Name": "Bush Library with Doors, Metal",
            "total_sales": 1637.01,
            "total_quantity": 5
        },
        {
            "Year_Month": "2016-02",
            "Product Name": "Safco Classic Bookcase, Mobile",
            "total_sales": 1322.01,
            "total_quantity": 6
        },
        {
            "Year_Month": "2016-02",
            "Product Name": "Sauder Classic Bookcase, Traditional",
            "total_sales": 4359.9,
            "total_quantity": 10
        },
        {
            "Year_Month": "2016-03",
            "Product Name": "Sauder Classic Bookcase, Traditional",
            "total_sales": 1961.955,
            "total_quantity": 5
        },
        {
            "Year_Month": "2016-05",
            "Product Name": "Bush Library with Doors, Metal",
            "total_sales": 1455.12,
            "total_quantity": 4
        },
        {
            "Year_Month": "2016-05",
            "Product Name": "Sauder Classic Bookcase, Traditional",
            "total_sales": 697.584,
            "total_quantity": 3
        },
        {
            "Year_Month": "2016-06",
            "Product Name": "Bush Classic Bookcase, Traditional",
            "total_sales": 2476.08,
            "total_quantity": 6
        },
        {
            "Year_Month": "2016-06",
            "Product Name": "Safco Classic Bookcase, Mobile",
            "total_sales": 2115.216,
            "total_quantity": 5
        },
        {
            "Year_Month": "2016-06",
            "Product Name": "Sauder Classic Bookcase, Traditional",
            "total_sales": 174.396,
            "total_quantity": 1
        },
        {
            "Year_Month": "2016-07",
            "Product Name": "Bush Classic Bookcase, Traditional",
            "total_sales": 2888.76,
            "total_quantity": 7
        },
        {
            "Year_Month": "2016-08",
            "Product Name": "Bush Library with Doors, Metal",
            "total_sales": 1091.34,
            "total_quantity": 3
        },
        {
            "Year_Month": "2016-09",
            "Product Name": "Safco Classic Bookcase, Mobile",
            "total_sales": 1586.412,
            "total_quantity": 5
        },
        {
            "Year_Month": "2016-10",
            "Product Name": "Bush Classic Bookcase, Traditional",
            "total_sales": 825.36,
            "total_quantity": 2
        },
        {
            "Year_Month": "2016-10",
            "Product Name": "Bush Library with Doors, Metal",
            "total_sales": 242.52,
            "total_quantity": 1
        },
        {
            "Year_Month": "2016-10",
            "Product Name": "Safco Classic Bookcase, Mobile",
            "total_sales": 1260.3162,
            "total_quantity": 5
        },
        {
            "Year_Month": "2016-10",
            "Product Name": "Safco Library with Doors, Pine",
            "total_sales": 1564.56,
            "total_quantity": 4
        },
        {
            "Year_Month": "2016-10",
            "Product Name": "Sauder Classic Bookcase, Traditional",
            "total_sales": 697.584,
            "total_quantity": 4
        },
        {
            "Year_Month": "2016-11",
            "Product Name": "Bush Classic Bookcase, Traditional",
            "total_sales": 1485.6480000000001,
            "total_quantity": 4
        },
        {
            "Year_Month": "2016-11",
            "Product Name": "Safco Classic Bookcase, Mobile",
            "total_sales": 2115.216,
            "total_quantity": 9
        },
        {
            "Year_Month": "2016-11",
            "Product Name": "Safco Library with Doors, Pine",
            "total_sales": 782.28,
            "total_quantity": 2
        },
        {
            "Year_Month": "2016-12",
            "Product Name": "Safco Library with Doors, Pine",
            "total_sales": 3911.4,
            "total_quantity": 16
        },
        {
            "Year_Month": "2016-12",
            "Product Name": "Sauder Classic Bookcase, Traditional",
            "total_sales": 435.99,
            "total_quantity": 1
        },
        {
            "Year_Month": "2017-01",
            "Product Name": "Bush Library with Doors, Metal",
            "total_sales": 654.804,
            "total_quantity": 2
        },
        {
            "Year_Month": "2017-02",
            "Product Name": "Safco Library with Doors, Pine",
            "total_sales": 1564.56,
            "total_quantity": 4
        },
        {
            "Year_Month": "2017-03",
            "Product Name": "Bush Classic Bookcase, Traditional",
            "total_sales": 1114.236,
            "total_quantity": 3
        },
        {
            "Year_Month": "2017-03",
            "Product Name": "Bush Library with Doors, Metal",
            "total_sales": 291.024,
            "total_quantity": 2
        },
        {
            "Year_Month": "2017-04",
            "Product Name": "Bush Classic Bookcase, Traditional",
            "total_sales": 825.36,
            "total_quantity": 5
        },
        {
            "Year_Month": "2017-04",
            "Product Name": "Bush Library with Doors, Metal",
            "total_sales": 2291.814,
            "total_quantity": 7
        },
        {
            "Year_Month": "2017-04",
            "Product Name": "Sauder Classic Bookcase, Traditional",
            "total_sales": 871.98,
            "total_quantity": 2
        },
        {
            "Year_Month": "2017-05",
            "Product Name": "Bush Library with Doors, Metal",
            "total_sales": 945.828,
            "total_quantity": 4
        },
        {
            "Year_Month": "2017-05",
            "Product Name": "Sauder Classic Bookcase, Traditional",
            "total_sales": 1046.376,
            "total_quantity": 4
        },
        {
            "Year_Month": "2017-06",
            "Product Name": "Bush Classic Bookcase, Traditional",
            "total_sales": 2943.784,
            "total_quantity": 9
        },
        {
            "Year_Month": "2017-06",
            "Product Name": "Safco Library with Doors, Pine",
            "total_sales": 391.14,
            "total_quantity": 1
        },
        {
            "Year_Month": "2017-06",
            "Product Name": "Sauder Classic Bookcase, Traditional",
            "total_sales": 3139.128,
            "total_quantity": 8
        },
        {
            "Year_Month": "2017-07",
            "Product Name": "Safco Classic Bookcase, Mobile",
            "total_sales": 3278.5848,
            "total_quantity": 8
        },
        {
            "Year_Month": "2017-07",
            "Product Name": "Safco Library with Doors, Pine",
            "total_sales": 3066.5376,
            "total_quantity": 9
        },
        {
            "Year_Month": "2017-07",
            "Product Name": "Sauder Classic Bookcase, Traditional",
            "total_sales": 348.792,
            "total_quantity": 2
        },
        {
            "Year_Month": "2017-08",
            "Product Name": "Bush Classic Bookcase, Traditional",
            "total_sales": 825.36,
            "total_quantity": 2
        },
        {
            "Year_Month": "2017-08",
            "Product Name": "Bush Library with Doors, Metal",
            "total_sales": 338.3154,
            "total_quantity": 1
        },
        {
            "Year_Month": "2017-08",
            "Product Name": "Safco Classic Bookcase, Mobile",
            "total_sales": 881.34,
            "total_quantity": 2
        },
        {
            "Year_Month": "2017-08",
            "Product Name": "Safco Library with Doors, Pine",
            "total_sales": 260.76,
            "total_quantity": 1
        },
        {
            "Year_Month": "2017-08",
            "Product Name": "Sauder Classic Bookcase, Traditional",
            "total_sales": 1307.97,
            "total_quantity": 3
        },
        {
            "Year_Month": "2017-09",
            "Product Name": "Bush Library with Doors, Metal",
            "total_sales": 1637.01,
            "total_quantity": 5
        },
        {
            "Year_Month": "2017-09",
            "Product Name": "Safco Classic Bookcase, Mobile",
            "total_sales": 4362.633,
            "total_quantity": 11
        },
        {
            "Year_Month": "2017-09",
            "Product Name": "Safco Library with Doors, Pine",
            "total_sales": 1173.42,
            "total_quantity": 3
        },
        {
            "Year_Month": "2017-09",
            "Product Name": "Sauder Classic Bookcase, Traditional",
            "total_sales": 9315.653,
            "total_quantity": 23
        },
        {
            "Year_Month": "2017-10",
            "Product Name": "Safco Library with Doors, Pine",
            "total_sales": 2701.4736000000003,
            "total_quantity": 12
        },
        {
            "Year_Month": "2017-11",
            "Product Name": "Bush Classic Bookcase, Traditional",
            "total_sales": 275.12,
            "total_quantity": 1
        },
        {
            "Year_Month": "2017-11",
            "Product Name": "Bush Library with Doors, Metal",
            "total_sales": 1185.9227999999998,
            "total_quantity": 5
        },
        {
            "Year_Month": "2017-11",
            "Product Name": "Safco Classic Bookcase, Mobile",
            "total_sales": 705.072,
            "total_quantity": 3
        },
        {
            "Year_Month": "2017-12",
            "Product Name": "Safco Classic Bookcase, Mobile",
            "total_sales": 4582.968000000001,
            "total_quantity": 11
        },
        {
            "Year_Month": "2017-12",
            "Product Name": "Safco Library with Doors, Pine",
            "total_sales": 1091.2806,
            "total_quantity": 3
        }
    ],
    "most_frequent_order_month": [
        {
            "Order Month": "2014-12",
            "Order Count": 158
        },
        {
            "Order Month": "2014-11",
            "Order Count": 155
        },
        {
            "Order Month": "2014-09",
            "Order Count": 144
        },
        {
            "Order Month": "2014-10",
            "Order Count": 131
        },
        {
            "Order Month": "2014-08",
            "Order Count": 124
        },
        {
            "Order Month": "2014-06",
            "Order Count": 119
        },
        {
            "Order Month": "2017-11",
            "Order Count": 104
        },
        {
            "Order Month": "2013-09",
            "Order Count": 97
        },
        {
            "Order Month": "2016-09",
            "Order Count": 97
        },
        {
            "Order Month": "2014-05",
            "Order Count": 93
        },
        {
            "Order Month": "2017-09",
            "Order Count": 93
        },
        {
            "Order Month": "2017-10",
            "Order Count": 91
        },
        {
            "Order Month": "2017-12",
            "Order Count": 89
        },
        {
            "Order Month": "2017-08",
            "Order Count": 86
        },
        {
            "Order Month": "2013-12",
            "Order Count": 77
        },
        {
            "Order Month": "2017-06",
            "Order Count": 77
        },
        {
            "Order Month": "2016-12",
            "Order Count": 77
        },
        {
            "Order Month": "2014-04",
            "Order Count": 75
        },
        {
            "Order Month": "2014-03",
            "Order Count": 72
        },
        {
            "Order Month": "2011-12",
            "Order Count": 71
        }
    ],
    "time_series_analysis": [
        {
            "Order Date": "2011-01",
            "Sales": 13402.003,
            "Quantity": 74,
            "Sales_MA": NaN
        },
        {
            "Order Date": "2011-02",
            "Sales": 11956.586,
            "Quantity": 45,
            "Sales_MA": NaN
        },
        {
            "Order Date": "2011-03",
            "Sales": 11470.793,
            "Quantity": 70,
            "Sales_MA": 12276.460666666666
        },
        {
            "Order Date": "2011-04",
            "Sales": 6405.308,
            "Quantity": 52,
            "Sales_MA": 9944.229
        },
        {
            "Order Date": "2011-05",
            "Sales": 14966.7142,
            "Quantity": 87,
            "Sales_MA": 10947.605066666665
        },
        {
            "Order Date": "2011-06",
            "Sales": 26425.9265,
            "Quantity": 152,
            "Sales_MA": 15932.649566666669
        },
        {
            "Order Date": "2011-07",
            "Sales": 9480.66,
            "Quantity": 68,
            "Sales_MA": 16957.7669
        },
        {
            "Order Date": "2011-08",
            "Sales": 24770.0855,
            "Quantity": 139,
            "Sales_MA": 20225.557333333334
        },
        {
            "Order Date": "2011-09",
            "Sales": 36821.6198,
            "Quantity": 205,
            "Sales_MA": 23690.788433333335
        },
        {
            "Order Date": "2011-10",
            "Sales": 24852.494,
            "Quantity": 125,
            "Sales_MA": 28814.7331
        },
        {
            "Order Date": "2011-11",
            "Sales": 38598.7454,
            "Quantity": 182,
            "Sales_MA": 33424.286400000005
        },
        {
            "Order Date": "2011-12",
            "Sales": 40245.3504,
            "Quantity": 223,
            "Sales_MA": 34565.52993333333
        },
        {
            "Order Date": "2012-01",
            "Sales": 16617.8201,
            "Quantity": 92,
            "Sales_MA": 31820.638633333336
        },
        {
            "Order Date": "2012-02",
            "Sales": 12021.613,
            "Quantity": 45,
            "Sales_MA": 22961.594500000003
        },
        {
            "Order Date": "2012-03",
            "Sales": 21301.0851,
            "Quantity": 129,
            "Sales_MA": 16646.8394
        },
        {
            "Order Date": "2012-04",
            "Sales": 16175.065499999999,
            "Quantity": 101,
            "Sales_MA": 16499.25453333333
        },
        {
            "Order Date": "2012-05",
            "Sales": 28612.4745,
            "Quantity": 146,
            "Sales_MA": 22029.5417
        },
        {
            "Order Date": "2012-06",
            "Sales": 29771.198,
            "Quantity": 165,
            "Sales_MA": 24852.912666666667
        },
        {
            "Order Date": "2012-07",
            "Sales": 13230.9616,
            "Quantity": 93,
            "Sales_MA": 23871.544700000002
        },
        {
            "Order Date": "2012-08",
            "Sales": 35400.7633,
            "Quantity": 205,
            "Sales_MA": 26134.307633333334
        },
        {
            "Order Date": "2012-09",
            "Sales": 38016.5435,
            "Quantity": 200,
            "Sales_MA": 28882.756133333332
        },
        {
            "Order Date": "2012-10",
            "Sales": 32382.067300000002,
            "Quantity": 172,
            "Sales_MA": 35266.458033333336
        },
        {
            "Order Date": "2012-11",
            "Sales": 40625.3007,
            "Quantity": 224,
            "Sales_MA": 37007.970499999996
        },
        {
            "Order Date": "2012-12",
            "Sales": 33798.5572,
            "Quantity": 216,
            "Sales_MA": 35601.975066666666
        },
        {
            "Order Date": "2013-01",
            "Sales": 32256.561,
            "Quantity": 179,
            "Sales_MA": 35560.13963333333
        },
        {
            "Order Date": "2013-02",
            "Sales": 16959.5443,
            "Quantity": 75,
            "Sales_MA": 27671.55416666667
        },
        {
            "Order Date": "2013-03",
            "Sales": 21750.6799,
            "Quantity": 128,
            "Sales_MA": 23655.595066666665
        },
        {
            "Order Date": "2013-04",
            "Sales": 16594.9605,
            "Quantity": 101,
            "Sales_MA": 18435.061566666667
        },
        {
            "Order Date": "2013-05",
            "Sales": 17765.2013,
            "Quantity": 107,
            "Sales_MA": 18703.6139
        },
        {
            "Order Date": "2013-06",
            "Sales": 32511.8958,
            "Quantity": 186,
            "Sales_MA": 22290.685866666667
        },
        {
            "Order Date": "2013-07",
            "Sales": 23720.064,
            "Quantity": 145,
            "Sales_MA": 24665.720366666665
        },
        {
            "Order Date": "2013-08",
            "Sales": 41399.8946,
            "Quantity": 211,
            "Sales_MA": 32543.951466666666
        },
        {
            "Order Date": "2013-09",
            "Sales": 53450.105800000005,
            "Quantity": 339,
            "Sales_MA": 39523.3548
        },
        {
            "Order Date": "2013-10",
            "Sales": 34164.855,
            "Quantity": 205,
            "Sales_MA": 43004.9518
        },
        {
            "Order Date": "2013-11",
            "Sales": 41279.1479,
            "Quantity": 242,
            "Sales_MA": 42964.702900000004
        },
        {
            "Order Date": "2013-12",
            "Sales": 44172.889800000004,
            "Quantity": 272,
            "Sales_MA": 39872.29756666667
        },
        {
            "Order Date": "2014-01",
            "Sales": 29053.0204,
            "Quantity": 156,
            "Sales_MA": 38168.35270000001
        },
        {
            "Order Date": "2014-02",
            "Sales": 39513.0374,
            "Quantity": 190,
            "Sales_MA": 37579.64920000001
        },
        {
            "Order Date": "2014-03",
            "Sales": 43523.8443,
            "Quantity": 247,
            "Sales_MA": 37363.3007
        },
        {
            "Order Date": "2014-04",
            "Sales": 37338.3925,
            "Quantity": 278,
            "Sales_MA": 40125.0914
        },
        {
            "Order Date": "2014-05",
            "Sales": 46387.832800000004,
            "Quantity": 303,
            "Sales_MA": 42416.68986666666
        },
        {
            "Order Date": "2014-06",
            "Sales": 78173.6579,
            "Quantity": 429,
            "Sales_MA": 53966.627733333335
        },
        {
            "Order Date": "2014-07",
            "Sales": 48972.778,
            "Quantity": 274,
            "Sales_MA": 57844.75623333334
        },
        {
            "Order Date": "2014-08",
            "Sales": 75787.8166,
            "Quantity": 444,
            "Sales_MA": 67644.75083333334
        },
        {
            "Order Date": "2014-09",
            "Sales": 109250.6121,
            "Quantity": 538,
            "Sales_MA": 78003.73556666667
        },
        {
            "Order Date": "2014-10",
            "Sales": 76949.2874,
            "Quantity": 439,
            "Sales_MA": 87329.2387
        },
        {
            "Order Date": "2014-11",
            "Sales": 94546.98700000001,
            "Quantity": 516,
            "Sales_MA": 93582.29550000001
        },
        {
            "Order Date": "2014-12",
            "Sales": 93095.7257,
            "Quantity": 518,
            "Sales_MA": 88197.33336666667
        },
        {
            "Order Date": "2015-01",
            "Sales": 16617.8201,
            "Quantity": 92,
            "Sales_MA": 68086.84426666667
        },
        {
            "Order Date": "2015-02",
            "Sales": 12021.613,
            "Quantity": 45,
            "Sales_MA": 40578.38626666666
        },
        {
            "Order Date": "2015-03",
            "Sales": 21301.0851,
            "Quantity": 129,
            "Sales_MA": 16646.8394
        },
        {
            "Order Date": "2015-04",
            "Sales": 16175.0655,
            "Quantity": 101,
            "Sales_MA": 16499.25453333333
        },
        {
            "Order Date": "2015-05",
            "Sales": 28612.4745,
            "Quantity": 146,
            "Sales_MA": 22029.5417
        },
        {
            "Order Date": "2015-06",
            "Sales": 29771.198,
            "Quantity": 165,
            "Sales_MA": 24852.912666666667
        },
        {
            "Order Date": "2015-07",
            "Sales": 13230.9616,
            "Quantity": 93,
            "Sales_MA": 23871.544700000002
        },
        {
            "Order Date": "2015-08",
            "Sales": 35400.7633,
            "Quantity": 205,
            "Sales_MA": 26134.307633333334
        },
        {
            "Order Date": "2015-09",
            "Sales": 38016.5435,
            "Quantity": 200,
            "Sales_MA": 28882.756133333332
        },
        {
            "Order Date": "2015-10",
            "Sales": 32382.0673,
            "Quantity": 172,
            "Sales_MA": 35266.458033333336
        },
        {
            "Order Date": "2015-11",
            "Sales": 40625.3007,
            "Quantity": 224,
            "Sales_MA": 37007.970499999996
        },
        {
            "Order Date": "2015-12",
            "Sales": 33798.5572,
            "Quantity": 216,
            "Sales_MA": 35601.975066666666
        },
        {
            "Order Date": "2016-01",
            "Sales": 32256.561,
            "Quantity": 179,
            "Sales_MA": 35560.13963333333
        },
        {
            "Order Date": "2016-02",
            "Sales": 16959.5443,
            "Quantity": 75,
            "Sales_MA": 27671.55416666667
        },
        {
            "Order Date": "2016-03",
            "Sales": 21750.6799,
            "Quantity": 128,
            "Sales_MA": 23655.595066666665
        },
        {
            "Order Date": "2016-04",
            "Sales": 16594.9605,
            "Quantity": 101,
            "Sales_MA": 18435.061566666667
        },
        {
            "Order Date": "2016-05",
            "Sales": 17765.2013,
            "Quantity": 107,
            "Sales_MA": 18703.6139
        },
        {
            "Order Date": "2016-06",
            "Sales": 32511.8958,
            "Quantity": 186,
            "Sales_MA": 22290.685866666667
        },
        {
            "Order Date": "2016-07",
            "Sales": 23720.064,
            "Quantity": 145,
            "Sales_MA": 24665.720366666665
        },
        {
            "Order Date": "2016-08",
            "Sales": 41399.8946,
            "Quantity": 211,
            "Sales_MA": 32543.951466666666
        },
        {
            "Order Date": "2016-09",
            "Sales": 53450.1058,
            "Quantity": 339,
            "Sales_MA": 39523.3548
        },
        {
            "Order Date": "2016-10",
            "Sales": 34164.855,
            "Quantity": 205,
            "Sales_MA": 43004.9518
        },
        {
            "Order Date": "2016-11",
            "Sales": 41279.1479,
            "Quantity": 242,
            "Sales_MA": 42964.702900000004
        },
        {
            "Order Date": "2016-12",
            "Sales": 44172.8898,
            "Quantity": 272,
            "Sales_MA": 39872.29756666667
        },
        {
            "Order Date": "2017-01",
            "Sales": 15651.0174,
            "Quantity": 82,
            "Sales_MA": 33701.01836666666
        },
        {
            "Order Date": "2017-02",
            "Sales": 26045.2614,
            "Quantity": 141,
            "Sales_MA": 28623.056200000003
        },
        {
            "Order Date": "2017-03",
            "Sales": 32996.6413,
            "Quantity": 176,
            "Sales_MA": 24897.640033333333
        },
        {
            "Order Date": "2017-04",
            "Sales": 31500.6845,
            "Quantity": 231,
            "Sales_MA": 30180.8624
        },
        {
            "Order Date": "2017-05",
            "Sales": 29909.2636,
            "Quantity": 209,
            "Sales_MA": 31468.863133333332
        },
        {
            "Order Date": "2017-06",
            "Sales": 52796.1464,
            "Quantity": 280,
            "Sales_MA": 38068.69816666666
        },
        {
            "Order Date": "2017-07",
            "Sales": 39702.1945,
            "Quantity": 209,
            "Sales_MA": 40802.53483333333
        },
        {
            "Order Date": "2017-08",
            "Sales": 50922.7346,
            "Quantity": 304,
            "Sales_MA": 47807.025166666666
        },
        {
            "Order Date": "2017-09",
            "Sales": 72777.3523,
            "Quantity": 335,
            "Sales_MA": 54467.42713333334
        },
        {
            "Order Date": "2017-10",
            "Sales": 51030.7854,
            "Quantity": 308,
            "Sales_MA": 58243.62410000001
        },
        {
            "Order Date": "2017-11",
            "Sales": 55939.4496,
            "Quantity": 328,
            "Sales_MA": 59915.862433333336
        },
        {
            "Order Date": "2017-12",
            "Sales": 53925.1753,
            "Quantity": 307,
            "Sales_MA": 53631.80343333334
        }
    ],
    "customer_segmentation": [
        {
            "Customer Name": "Vivek Grady",
            "total_spent": 22668.96,
            "purchase_frequency": 8,
            "average_order_value": 1889.08
        },
        {
            "Customer Name": "Maria Bertelson",
            "total_spent": 17267.608,
            "purchase_frequency": 12,
            "average_order_value": 1438.9673333333333
        },
        {
            "Customer Name": "Corey Roper",
            "total_spent": 17190.33,
            "purchase_frequency": 10,
            "average_order_value": 1719.0330000000001
        },
        {
            "Customer Name": "Darrin Van Huff",
            "total_spent": 15381.0196,
            "purchase_frequency": 10,
            "average_order_value": 1281.7516333333333
        },
        {
            "Customer Name": "Yoseph Carroll",
            "total_spent": 14312.346,
            "purchase_frequency": 8,
            "average_order_value": 1192.6955
        },
        {
            "Customer Name": "Cari Sayre",
            "total_spent": 13751.652,
            "purchase_frequency": 12,
            "average_order_value": 1145.971
        },
        {
            "Customer Name": "Tony Sayre",
            "total_spent": 13393.386,
            "purchase_frequency": 10,
            "average_order_value": 1339.3386
        },
        {
            "Customer Name": "Peter Fuller",
            "total_spent": 13178.756000000001,
            "purchase_frequency": 6,
            "average_order_value": 1647.3445000000002
        },
        {
            "Customer Name": "Maureen Gnade",
            "total_spent": 13104.954,
            "purchase_frequency": 12,
            "average_order_value": 819.059625
        },
        {
            "Customer Name": "Alan Schoenberger",
            "total_spent": 12963.836,
            "purchase_frequency": 12,
            "average_order_value": 1080.3196666666665
        }
    ],
    "discount_analysis": [
        {
            "Discount": 0.0,
            "total_sales": 1538871.02,
            "total_quantity": 7398,
            "average_profit": 166.7139
        },
        {
            "Discount": 0.07,
            "total_sales": 118994.3928,
            "total_quantity": 506,
            "average_profit": 141.4882
        },
        {
            "Discount": 0.1,
            "total_sales": 566857.926,
            "total_quantity": 2674,
            "average_profit": 134.3474
        },
        {
            "Discount": 0.15,
            "total_sales": 55117.043,
            "total_quantity": 396,
            "average_profit": 27.2883
        },
        {
            "Discount": 0.2,
            "total_sales": 246998.208,
            "total_quantity": 1752,
            "average_profit": 23.7246
        },
        {
            "Discount": 0.3,
            "total_sales": 8565.396,
            "total_quantity": 86,
            "average_profit": -55.5873
        },
        {
            "Discount": 0.32,
            "total_sales": 28986.9176,
            "total_quantity": 210,
            "average_profit": -88.5607
        },
        {
            "Discount": 0.35,
            "total_sales": 37344.684,
            "total_quantity": 268,
            "average_profit": -57.1683
        },
        {
            "Discount": 0.37,
            "total_sales": 34835.3082,
            "total_quantity": 262,
            "average_profit": -108.9564
        },
        {
            "Discount": 0.4,
            "total_sales": 143740.704,
            "total_quantity": 1376,
            "average_profit": -107.04
        },
        {
            "Discount": 0.5,
            "total_sales": 74047.94,
            "total_quantity": 630,
            "average_profit": -251.2655
        },
        {
            "Discount": 0.6,
            "total_sales": 54775.704,
            "total_quantity": 648,
            "average_profit": -201.0471
        },
        {
            "Discount": 0.7,
            "total_sales": 24009.24,
            "total_quantity": 414,
            "average_profit": -243.2895
        }
    ],
    "geographic_distribution": [
        {
            "State": "New South Wales",
            "City": "Sydney",
            "total_sales": 39158.91,
            "total_quantity": 154,
            "Location": "New South Wales, Sydney"
        },
        {
            "State": "Managua",
            "City": "Managua",
            "total_sales": 37002.92,
            "total_quantity": 244,
            "Location": "Managua, Managua"
        },
        {
            "State": "New York",
            "City": "New York City",
            "total_sales": 34038.064,
            "total_quantity": 190,
            "Location": "New York, New York City"
        },
        {
            "State": "England",
            "City": "London",
            "total_sales": 31832.136,
            "total_quantity": 140,
            "Location": "England, London"
        },
        {
            "State": "Victoria",
            "City": "Melbourne",
            "total_sales": 23430.654,
            "total_quantity": 108,
            "Location": "Victoria, Melbourne"
        },
        {
            "State": "Jakarta",
            "City": "Jakarta",
            "total_sales": 22471.441199999997,
            "total_quantity": 90,
            "Location": "Jakarta, Jakarta"
        },
        {
            "State": "Queensland",
            "City": "Brisbane",
            "total_sales": 20794.32,
            "total_quantity": 86,
            "Location": "Queensland, Brisbane"
        },
        {
            "State": "California",
            "City": "Los Angeles",
            "total_sales": 20309.73,
            "total_quantity": 122,
            "Location": "California, Los Angeles"
        },
        {
            "State": "Queensland",
            "City": "Gold Coast",
            "total_sales": 19768.626,
            "total_quantity": 94,
            "Location": "Queensland, Gold Coast"
        },
        {
            "State": "California",
            "City": "San Francisco",
            "total_sales": 19581.416,
            "total_quantity": 152,
            "Location": "California, San Francisco"
        },
        {
            "State": "Distrito Federal",
            "City": "Mexico City",
            "total_sales": 18123.104,
            "total_quantity": 148,
            "Location": "Distrito Federal, Mexico City"
        },
        {
            "State": "Santo Domingo",
            "City": "Santo Domingo",
            "total_sales": 18094.56,
            "total_quantity": 198,
            "Location": "Santo Domingo, Santo Domingo"
        },
        {
            "State": "Bangkok",
            "City": "Bangkok",
            "total_sales": 17820.243000000002,
            "total_quantity": 116,
            "Location": "Bangkok, Bangkok"
        },
        {
            "State": "Khulna",
            "City": "Khulna",
            "total_sales": 17596.56,
            "total_quantity": 46,
            "Location": "Khulna, Khulna"
        },
        {
            "State": "Texas",
            "City": "Houston",
            "total_sales": 17485.5608,
            "total_quantity": 98,
            "Location": "Texas, Houston"
        }
    ],
    "ship_mode_analysis": {
        "First Class": {
            "total_orders": 706,
            "avg_shipping_delay": 2.1,
            "total_profit": 56957.98,
            "shipping_cost_ratio": 0.18
        },
        "Same Day": {
            "total_orders": 234,
            "avg_shipping_delay": 0.02,
            "total_profit": 13999.5,
            "shipping_cost_ratio": 0.18
        },
        "Second Class": {
            "total_orders": 870,
            "avg_shipping_delay": 3.19,
            "total_profit": 47658.37,
            "shipping_cost_ratio": 0.12
        },
        "Standard Class": {
            "total_orders": 2760,
            "avg_shipping_delay": 4.97,
            "total_profit": 205233.0,
            "shipping_cost_ratio": 0.08
        }
    },
    "order_priority_analysis": {
        "Critical": {
            "avg_profit_margin": 0.017323982660914186,
            "common_ship_mode": "First Class"
        },
        "High": {
            "avg_profit_margin": 0.013552252189483093,
            "common_ship_mode": "Standard Class"
        },
        "Low": {
            "avg_profit_margin": 0.07148451766426163,
            "common_ship_mode": "Standard Class"
        },
        "Medium": {
            "avg_profit_margin": 0.009797381721696637,
            "common_ship_mode": "Standard Class"
        }
    },
    "rfm_analysis": {
        "rfm_stats": {
            "recency": {
                "count": 750.0,
                "mean": 299.47333333333336,
                "std": 301.53974903687435,
                "min": 0.0,
                "25%": 73.25,
                "50%": 186.5,
                "75%": 446.75,
                "max": 1401.0
            },
            "frequency": {
                "count": 750.0,
                "mean": 6.093333333333334,
                "std": 3.073958552713524,
                "min": 2.0,
                "25%": 4.0,
                "50%": 6.0,
                "75%": 8.0,
                "max": 16.0
            },
            "monetary": {
                "count": 750.0,
                "mean": 3910.8593114666664,
                "std": 3017.4208585343813,
                "min": 142.8,
                "25%": 1719.43125,
                "50%": 3124.416,
                "75%": 5442.9974999999995,
                "max": 22668.96
            }
        },
        "rfm_segments": {
            "High": 251,
            "Medium": 250,
            "Low": 249
        }
    },
    "churn_analysis": {
        "total_customers": 3240,
        "churned_customers": 2454,
        "churn_rate": 0.7574074074074074,
        "avg_recency": 875.1956790123456,
        "avg_frequency": 1.4882716049382716,
        "avg_monetary": 905.2915072839506,
        "churned_customer_characteristics": {
            "avg_recency": 1107.321923390383,
            "avg_frequency": 1.604319478402608,
            "avg_monetary": 974.6028852893234,
            "avg_discount": 0.15499185974308224,
            "avg_quantity": 3.341003997360965,
            "avg_shipping_cost": 63.09794547725773,
            "avg_profit": 63.58935134668374
        },
        "active_customer_characteristics": {
            "avg_recency": 150.46564885496184,
            "avg_frequency": 1.1259541984732824,
            "avg_monetary": 688.8918614503816,
            "avg_discount": 0.15310432569974555,
            "avg_quantity": 3.4617684478371507,
            "avg_shipping_cost": 66.31227396098387,
            "avg_profit": 76.06379289652247
        }
    }
}