{
    "segment_distribution": {
        "Consumer": [
            6465,
            0.53
        ],
        "Corporate": [
            3686,
            0.3
        ],
        "Home Office": [
            2147,
            0.17
        ]
    },
    "segment_quantity": {
        "Consumer": 3.5,
        "Corporate": 3.44,
        "Home Office": 3.51
    },
    "segment_unit_price": {
        "Consumer": 22.44,
        "Corporate": 20.26,
        "Home Office": 21.16
    },
    "segment_profit": {
        "Consumer": 3.56,
        "Corporate": 2.93,
        "Home Office": 3.63
    },
    "segment_discount": {
        "Consumer": 0.18,
        "Corporate": 0.18,
        "Home Office": 0.18
    },
    "country_distribution": {
        "United States": [
            3040,
            0.25
        ],
        "France": [
            794,
            0.06
        ],
        "Mexico": [
            538,
            0.04
        ],
        "Germany": [
            510,
            0.04
        ],
        "Australia": [
            494,
            0.04
        ],
        "United Kingdom": [
            436,
            0.04
        ],
        "Turkey": [
            356,
            0.03
        ],
        "China": [
            326,
            0.03
        ],
        "India": [
            292,
            0.02
        ],
        "Italy": [
            280,
            0.02
        ],
        "Brazil": [
            268,
            0.02
        ],
        "Nigeria": [
            252,
            0.02
        ],
        "Indonesia": [
            242,
            0.02
        ],
        "Spain": [
            226,
            0.02
        ],
        "Iran": [
            204,
            0.02
        ],
        "Cuba": [
            154,
            0.01
        ],
        "Morocco": [
            146,
            0.01
        ],
        "Dominican Republic": [
            140,
            0.01
        ],
        "Honduras": [
            138,
            0.01
        ],
        "Egypt": [
            132,
            0.01
        ],
        "Nicaragua": [
            130,
            0.01
        ],
        "Canada": [
            124,
            0.01
        ],
        "Philippines": [
            124,
            0.01
        ],
        "El Salvador": [
            122,
            0.01
        ],
        "Iraq": [
            118,
            0.01
        ],
        "Netherlands": [
            118,
            0.01
        ],
        "South Africa": [
            111,
            0.01
        ],
        "New Zealand": [
            106,
            0.01
        ],
        "Ukraine": [
            106,
            0.01
        ],
        "Saudi Arabia": [
            102,
            0.01
        ],
        "Democratic Republic of the Congo": [
            92,
            0.01
        ],
        "Russia": [
            92,
            0.01
        ],
        "Austria": [
            88,
            0.01
        ],
        "Guatemala": [
            88,
            0.01
        ],
        "Colombia": [
            74,
            0.01
        ],
        "Panama": [
            70,
            0.01
        ],
        "Argentina": [
            66,
            0.01
        ],
        "Thailand": [
            54,
            0.0
        ],
        "Tanzania": [
            54,
            0.0
        ],
        "Poland": [
            52,
            0.0
        ],
        "Algeria": [
            50,
            0.0
        ],
        "Belgium": [
            40,
            0.0
        ],
        "Pakistan": [
            40,
            0.0
        ],
        "Romania": [
            40,
            0.0
        ],
        "Peru": [
            38,
            0.0
        ],
        "Sweden": [
            36,
            0.0
        ],
        "Israel": [
            36,
            0.0
        ],
        "Japan": [
            36,
            0.0
        ],
        "Vietnam": [
            35,
            0.0
        ],
        "Cameroon": [
            32,
            0.0
        ],
        "Bangladesh": [
            32,
            0.0
        ],
        "Ireland": [
            30,
            0.0
        ],
        "Senegal": [
            30,
            0.0
        ],
        "Kenya": [
            30,
            0.0
        ],
        "Kazakhstan": [
            30,
            0.0
        ],
        "Belarus": [
            30,
            0.0
        ],
        "South Korea": [
            30,
            0.0
        ],
        "Angola": [
            28,
            0.0
        ],
        "Malaysia": [
            28,
            0.0
        ],
        "Singapore": [
            26,
            0.0
        ],
        "Venezuela": [
            26,
            0.0
        ],
        "Portugal": [
            26,
            0.0
        ],
        "Chile": [
            24,
            0.0
        ],
        "Zimbabwe": [
            24,
            0.0
        ],
        "Hungary": [
            22,
            0.0
        ],
        "Norway": [
            22,
            0.0
        ],
        "Haiti": [
            22,
            0.0
        ],
        "Croatia": [
            22,
            0.0
        ],
        "Sudan": [
            22,
            0.0
        ],
        "Mozambique": [
            20,
            0.0
        ],
        "Georgia": [
            20,
            0.0
        ],
        "Zambia": [
            18,
            0.0
        ],
        "Switzerland": [
            18,
            0.0
        ],
        "Somalia": [
            18,
            0.0
        ],
        "Bulgaria": [
            16,
            0.0
        ],
        "Myanmar (Burma)": [
            16,
            0.0
        ],
        "Cote d'Ivoire": [
            16,
            0.0
        ],
        "Uganda": [
            16,
            0.0
        ],
        "Moldova": [
            16,
            0.0
        ],
        "C\u00f4te-d'Ivoire": [
            16,
            0.0
        ],
        "Mali": [
            14,
            0.0
        ],
        "Czech Republic": [
            14,
            0.0
        ],
        "Ghana": [
            14,
            0.0
        ],
        "Lithuania": [
            14,
            0.0
        ],
        "Uzbekistan": [
            14,
            0.0
        ],
        "Cambodia": [
            12,
            0.0
        ],
        "Afghanistan": [
            12,
            0.0
        ],
        "Niger": [
            12,
            0.0
        ],
        "Denmark": [
            12,
            0.0
        ],
        "Azerbaijan": [
            12,
            0.0
        ],
        "Ecuador": [
            10,
            0.0
        ],
        "Gabon": [
            10,
            0.0
        ],
        "Bolivia": [
            10,
            0.0
        ],
        "Finland": [
            10,
            0.0
        ],
        "Benin": [
            8,
            0.0
        ],
        "Mongolia": [
            8,
            0.0
        ],
        "Hong Kong": [
            8,
            0.0
        ],
        "Libya": [
            8,
            0.0
        ],
        "Syria": [
            8,
            0.0
        ],
        "Togo": [
            8,
            0.0
        ],
        "Trinidad and Tobago": [
            8,
            0.0
        ],
        "Jordan": [
            8,
            0.0
        ],
        "Papua New Guinea": [
            6,
            0.0
        ],
        "Madagascar": [
            6,
            0.0
        ],
        "Sierra Leone": [
            6,
            0.0
        ],
        "Barbados": [
            6,
            0.0
        ],
        "Mauritania": [
            6,
            0.0
        ],
        "Turkmenistan": [
            6,
            0.0
        ],
        "Uruguay": [
            6,
            0.0
        ],
        "Jamaica": [
            6,
            0.0
        ],
        "Albania": [
            4,
            0.0
        ],
        "Yemen": [
            4,
            0.0
        ],
        "Kyrgyzstan": [
            4,
            0.0
        ],
        "Sri Lanka": [
            4,
            0.0
        ],
        "Paraguay": [
            4,
            0.0
        ],
        "Qatar": [
            4,
            0.0
        ],
        "Martinique": [
            4,
            0.0
        ],
        "United Arab Emirates": [
            4,
            0.0
        ],
        "Nepal": [
            4,
            0.0
        ],
        "Estonia": [
            4,
            0.0
        ],
        "Eritrea": [
            2,
            0.0
        ],
        "Tunisia": [
            2,
            0.0
        ],
        "Bosnia and Herzegovina": [
            2,
            0.0
        ],
        "Montenegro": [
            2,
            0.0
        ],
        "Costa Rica": [
            2,
            0.0
        ],
        "Swaziland": [
            2,
            0.0
        ],
        "Guadeloupe": [
            2,
            0.0
        ],
        "Rwanda": [
            2,
            0.0
        ],
        "Chad": [
            2,
            0.0
        ],
        "Djibouti": [
            2,
            0.0
        ],
        "Slovakia": [
            2,
            0.0
        ],
        "Liberia": [
            2,
            0.0
        ],
        "Republic of the Congo": [
            2,
            0.0
        ],
        "Lebanon": [
            2,
            0.0
        ],
        "Taiwan": [
            2,
            0.0
        ],
        "Namibia": [
            2,
            0.0
        ],
        "Guinea": [
            2,
            0.0
        ],
        "Central African Republic": [
            2,
            0.0
        ],
        "Ethiopia": [
            2,
            0.0
        ],
        "Botswana": [
            1,
            0.0
        ],
        "Laos": [
            1,
            0.0
        ]
    },
    "country_quantity": {
        "Afghanistan": 5.0,
        "Albania": 1.0,
        "Algeria": 2.52,
        "Angola": 2.64,
        "Argentina": 3.15,
        "Australia": 3.56,
        "Austria": 3.68,
        "Azerbaijan": 2.67,
        "Bangladesh": 3.69,
        "Barbados": 3.67,
        "Belarus": 2.2,
        "Belgium": 3.9,
        "Benin": 1.0,
        "Bolivia": 3.6,
        "Bosnia and Herzegovina": 4.0,
        "Botswana": 1.0,
        "Brazil": 3.84,
        "Bulgaria": 2.38,
        "Cambodia": 3.5,
        "Cameroon": 2.31,
        "Canada": 2.13,
        "Central African Republic": 1.0,
        "Chad": 1.0,
        "Chile": 4.5,
        "China": 3.71,
        "Colombia": 3.08,
        "Costa Rica": 4.0,
        "Cote d'Ivoire": 2.5,
        "Croatia": 3.0,
        "Cuba": 3.96,
        "Czech Republic": 1.43,
        "C\u00f4te-d'Ivoire": 2.5,
        "Democratic Republic of the Congo": 2.02,
        "Denmark": 2.33,
        "Djibouti": 1.0,
        "Dominican Republic": 3.84,
        "Ecuador": 3.8,
        "Egypt": 2.45,
        "El Salvador": 3.95,
        "Eritrea": 2.0,
        "Estonia": 1.0,
        "Ethiopia": 4.0,
        "Finland": 2.2,
        "France": 4.02,
        "Gabon": 3.0,
        "Georgia": 2.4,
        "Germany": 3.78,
        "Ghana": 2.29,
        "Guadeloupe": 4.0,
        "Guatemala": 3.57,
        "Guinea": 6.0,
        "Haiti": 5.09,
        "Honduras": 3.93,
        "Hong Kong": 4.75,
        "Hungary": 1.82,
        "India": 3.55,
        "Indonesia": 3.6,
        "Iran": 2.35,
        "Iraq": 2.46,
        "Ireland": 4.4,
        "Israel": 2.72,
        "Italy": 3.78,
        "Jamaica": 4.33,
        "Japan": 3.67,
        "Jordan": 1.75,
        "Kazakhstan": 1.93,
        "Kenya": 3.07,
        "Kyrgyzstan": 1.5,
        "Laos": 3.0,
        "Lebanon": 2.0,
        "Liberia": 10.0,
        "Libya": 5.25,
        "Lithuania": 3.29,
        "Madagascar": 1.0,
        "Malaysia": 4.07,
        "Mali": 1.86,
        "Martinique": 4.0,
        "Mauritania": 1.67,
        "Mexico": 3.73,
        "Moldova": 2.88,
        "Mongolia": 1.25,
        "Montenegro": 1.0,
        "Morocco": 2.71,
        "Mozambique": 2.6,
        "Myanmar (Burma)": 3.38,
        "Namibia": 2.0,
        "Nepal": 6.0,
        "Netherlands": 3.92,
        "New Zealand": 3.43,
        "Nicaragua": 3.66,
        "Niger": 2.33,
        "Nigeria": 2.12,
        "Norway": 3.64,
        "Pakistan": 3.8,
        "Panama": 3.23,
        "Papua New Guinea": 3.33,
        "Paraguay": 10.0,
        "Peru": 4.26,
        "Philippines": 3.87,
        "Poland": 2.27,
        "Portugal": 4.46,
        "Qatar": 1.5,
        "Republic of the Congo": 8.0,
        "Romania": 2.6,
        "Russia": 2.54,
        "Rwanda": 1.0,
        "Saudi Arabia": 2.0,
        "Senegal": 2.8,
        "Sierra Leone": 1.67,
        "Singapore": 3.85,
        "Slovakia": 2.0,
        "Somalia": 1.89,
        "South Africa": 2.26,
        "South Korea": 3.53,
        "Spain": 3.74,
        "Sri Lanka": 5.0,
        "Sudan": 2.18,
        "Swaziland": 4.0,
        "Sweden": 4.22,
        "Switzerland": 3.67,
        "Syria": 1.75,
        "Taiwan": 3.0,
        "Tanzania": 2.3,
        "Thailand": 4.63,
        "Togo": 3.25,
        "Trinidad and Tobago": 5.5,
        "Tunisia": 1.0,
        "Turkey": 2.26,
        "Turkmenistan": 1.67,
        "Uganda": 1.5,
        "Ukraine": 1.75,
        "United Arab Emirates": 1.0,
        "United Kingdom": 3.65,
        "United States": 3.92,
        "Uruguay": 7.33,
        "Uzbekistan": 1.71,
        "Venezuela": 3.85,
        "Vietnam": 3.51,
        "Yemen": 1.5,
        "Zambia": 2.0,
        "Zimbabwe": 1.92
    },
    "country_sales": {
        "Afghanistan": 97.44,
        "Albania": 17.34,
        "Algeria": 50.07,
        "Angola": 49.07,
        "Argentina": 9.56,
        "Australia": 67.33,
        "Austria": 100.34,
        "Azerbaijan": 112.22,
        "Bangladesh": 67.79,
        "Barbados": 93.8,
        "Belarus": 24.19,
        "Belgium": 98.35,
        "Benin": 15.44,
        "Bolivia": 85.39,
        "Bosnia and Herzegovina": 22.8,
        "Botswana": 14.61,
        "Brazil": 43.63,
        "Bulgaria": 65.64,
        "Cambodia": 49.68,
        "Cameroon": 35.92,
        "Canada": 49.83,
        "Central African Republic": 49.32,
        "Chad": 28.23,
        "Chile": 37.11,
        "China": 70.13,
        "Colombia": 34.95,
        "Costa Rica": 43.73,
        "Cote d'Ivoire": 30.77,
        "Croatia": 90.1,
        "Cuba": 52.09,
        "Czech Republic": 16.76,
        "C\u00f4te-d'Ivoire": 30.77,
        "Democratic Republic of the Congo": 39.4,
        "Denmark": 27.07,
        "Djibouti": 16.65,
        "Dominican Republic": 44.51,
        "Ecuador": 39.72,
        "Egypt": 43.96,
        "El Salvador": 54.09,
        "Eritrea": 17.82,
        "Estonia": 14.22,
        "Ethiopia": 109.8,
        "Finland": 36.97,
        "France": 85.38,
        "Gabon": 37.48,
        "Georgia": 69.15,
        "Germany": 74.19,
        "Ghana": 45.44,
        "Guadeloupe": 130.24,
        "Guatemala": 49.6,
        "Guinea": 169.38,
        "Haiti": 32.55,
        "Honduras": 27.86,
        "Hong Kong": 151.0,
        "Hungary": 50.64,
        "India": 67.08,
        "Indonesia": 60.32,
        "Iran": 45.44,
        "Iraq": 55.82,
        "Ireland": 40.84,
        "Israel": 47.95,
        "Italy": 80.79,
        "Jamaica": 35.74,
        "Japan": 103.63,
        "Jordan": 64.59,
        "Kazakhstan": 9.57,
        "Kenya": 76.28,
        "Kyrgyzstan": 18.35,
        "Laos": 131.77,
        "Lebanon": 12.66,
        "Liberia": 63.3,
        "Libya": 78.19,
        "Lithuania": 12.91,
        "Madagascar": 26.13,
        "Malaysia": 51.3,
        "Mali": 34.29,
        "Martinique": 22.2,
        "Mauritania": 31.27,
        "Mexico": 47.01,
        "Moldova": 63.58,
        "Mongolia": 26.56,
        "Montenegro": 10.53,
        "Morocco": 45.99,
        "Mozambique": 37.92,
        "Myanmar (Burma)": 28.84,
        "Namibia": 102.84,
        "Nepal": 84.24,
        "Netherlands": 41.24,
        "New Zealand": 59.73,
        "Nicaragua": 56.62,
        "Niger": 25.82,
        "Nigeria": 12.04,
        "Norway": 95.46,
        "Pakistan": 28.42,
        "Panama": 25.19,
        "Papua New Guinea": 8.93,
        "Paraguay": 176.18,
        "Peru": 40.98,
        "Philippines": 64.61,
        "Poland": 45.62,
        "Portugal": 38.19,
        "Qatar": 32.97,
        "Republic of the Congo": 45.6,
        "Romania": 66.16,
        "Russia": 47.01,
        "Rwanda": 15.84,
        "Saudi Arabia": 38.75,
        "Senegal": 60.26,
        "Sierra Leone": 43.2,
        "Singapore": 70.07,
        "Slovakia": 24.0,
        "Somalia": 42.04,
        "South Africa": 47.97,
        "South Korea": 48.34,
        "Spain": 66.82,
        "Sri Lanka": 45.57,
        "Sudan": 14.23,
        "Swaziland": 204.36,
        "Sweden": 70.95,
        "Switzerland": 68.86,
        "Syria": 32.02,
        "Taiwan": 45.45,
        "Tanzania": 34.16,
        "Thailand": 67.13,
        "Togo": 35.2,
        "Trinidad and Tobago": 103.96,
        "Tunisia": 6.66,
        "Turkey": 16.13,
        "Turkmenistan": 16.78,
        "Uganda": 7.25,
        "Ukraine": 33.18,
        "United Arab Emirates": 3.29,
        "United Kingdom": 72.26,
        "United States": 133.81,
        "Uruguay": 32.79,
        "Uzbekistan": 35.63,
        "Venezuela": 20.29,
        "Vietnam": 80.1,
        "Yemen": 10.19,
        "Zambia": 52.46,
        "Zimbabwe": 7.27
    },
    "country_unit_price": {
        "Afghanistan": 19.49,
        "Albania": 17.34,
        "Algeria": 19.87,
        "Angola": 18.57,
        "Argentina": 3.03,
        "Australia": 18.9,
        "Austria": 27.25,
        "Azerbaijan": 42.08,
        "Bangladesh": 18.38,
        "Barbados": 25.58,
        "Belarus": 11.0,
        "Belgium": 25.22,
        "Benin": 15.44,
        "Bolivia": 23.72,
        "Bosnia and Herzegovina": 5.7,
        "Botswana": 14.61,
        "Brazil": 11.37,
        "Bulgaria": 27.64,
        "Cambodia": 14.19,
        "Cameroon": 15.53,
        "Canada": 23.4,
        "Central African Republic": 49.32,
        "Chad": 28.23,
        "Chile": 8.25,
        "China": 18.89,
        "Colombia": 11.34,
        "Costa Rica": 10.93,
        "Cote d'Ivoire": 12.31,
        "Croatia": 30.03,
        "Cuba": 13.15,
        "Czech Republic": 11.73,
        "C\u00f4te-d'Ivoire": 12.31,
        "Democratic Republic of the Congo": 19.49,
        "Denmark": 11.6,
        "Djibouti": 16.65,
        "Dominican Republic": 11.58,
        "Ecuador": 10.45,
        "Egypt": 17.91,
        "El Salvador": 13.69,
        "Eritrea": 8.91,
        "Estonia": 14.22,
        "Ethiopia": 27.45,
        "Finland": 16.8,
        "France": 21.22,
        "Gabon": 12.49,
        "Georgia": 28.81,
        "Germany": 19.6,
        "Ghana": 19.88,
        "Guadeloupe": 32.56,
        "Guatemala": 13.9,
        "Guinea": 28.23,
        "Haiti": 6.39,
        "Honduras": 7.09,
        "Hong Kong": 31.79,
        "Hungary": 27.85,
        "India": 18.91,
        "Indonesia": 16.78,
        "Iran": 19.31,
        "Iraq": 22.71,
        "Ireland": 9.28,
        "Israel": 17.61,
        "Italy": 21.38,
        "Jamaica": 8.25,
        "Japan": 28.26,
        "Jordan": 36.91,
        "Kazakhstan": 4.95,
        "Kenya": 24.87,
        "Kyrgyzstan": 12.23,
        "Laos": 43.92,
        "Lebanon": 6.33,
        "Liberia": 6.33,
        "Libya": 14.89,
        "Lithuania": 3.93,
        "Madagascar": 26.13,
        "Malaysia": 12.6,
        "Mali": 18.46,
        "Martinique": 5.55,
        "Mauritania": 18.76,
        "Mexico": 12.61,
        "Moldova": 22.11,
        "Mongolia": 21.25,
        "Montenegro": 10.53,
        "Morocco": 16.96,
        "Mozambique": 14.59,
        "Myanmar (Burma)": 8.55,
        "Namibia": 51.42,
        "Nepal": 14.04,
        "Netherlands": 10.53,
        "New Zealand": 17.39,
        "Nicaragua": 15.46,
        "Niger": 11.07,
        "Nigeria": 5.68,
        "Norway": 26.25,
        "Pakistan": 7.48,
        "Panama": 7.8,
        "Papua New Guinea": 2.68,
        "Paraguay": 17.62,
        "Peru": 9.61,
        "Philippines": 16.69,
        "Poland": 20.11,
        "Portugal": 8.56,
        "Qatar": 21.98,
        "Republic of the Congo": 5.7,
        "Romania": 25.44,
        "Russia": 18.48,
        "Rwanda": 15.84,
        "Saudi Arabia": 19.38,
        "Senegal": 21.52,
        "Sierra Leone": 25.92,
        "Singapore": 18.22,
        "Slovakia": 12.0,
        "Somalia": 22.25,
        "South Africa": 21.22,
        "South Korea": 13.68,
        "Spain": 17.85,
        "Sri Lanka": 9.11,
        "Sudan": 6.52,
        "Swaziland": 51.09,
        "Sweden": 16.8,
        "Switzerland": 18.78,
        "Syria": 18.3,
        "Taiwan": 15.15,
        "Tanzania": 14.87,
        "Thailand": 14.5,
        "Togo": 10.83,
        "Trinidad and Tobago": 18.9,
        "Tunisia": 6.66,
        "Turkey": 7.14,
        "Turkmenistan": 10.07,
        "Uganda": 4.83,
        "Ukraine": 18.91,
        "United Arab Emirates": 3.29,
        "United Kingdom": 19.79,
        "United States": 34.12,
        "Uruguay": 4.47,
        "Uzbekistan": 20.78,
        "Venezuela": 5.28,
        "Vietnam": 22.79,
        "Yemen": 6.79,
        "Zambia": 26.23,
        "Zimbabwe": 3.79
    },
    "country_profit": {
        "Afghanistan": 4.32,
        "Albania": 0.82,
        "Algeria": 4.96,
        "Angola": 6.2,
        "Argentina": -5.35,
        "Australia": 2.6,
        "Austria": 5.7,
        "Azerbaijan": 7.38,
        "Bangladesh": 5.7,
        "Barbados": 3.69,
        "Belarus": 3.85,
        "Belgium": 7.22,
        "Benin": 2.86,
        "Bolivia": 5.43,
        "Bosnia and Herzegovina": 2.37,
        "Botswana": 4.8,
        "Brazil": 1.03,
        "Bulgaria": 10.72,
        "Cambodia": 3.8,
        "Cameroon": 5.74,
        "Canada": 5.96,
        "Central African Republic": 5.4,
        "Chad": 0.0,
        "Chile": 2.71,
        "China": 4.68,
        "Colombia": 2.52,
        "Costa Rica": 2.09,
        "Cote d'Ivoire": 2.38,
        "Croatia": 8.5,
        "Cuba": 2.95,
        "Czech Republic": 2.24,
        "C\u00f4te-d'Ivoire": 2.38,
        "Democratic Republic of the Congo": 4.62,
        "Denmark": -4.02,
        "Djibouti": 4.65,
        "Dominican Republic": 0.74,
        "Ecuador": 2.48,
        "Egypt": 5.12,
        "El Salvador": 2.59,
        "Eritrea": 1.59,
        "Estonia": 0.82,
        "Ethiopia": 7.68,
        "Finland": 5.56,
        "France": 4.66,
        "Gabon": 3.47,
        "Georgia": 4.68,
        "Germany": 5.13,
        "Ghana": 4.14,
        "Guadeloupe": 13.02,
        "Guatemala": 4.07,
        "Guinea": 0.0,
        "Haiti": -2.42,
        "Honduras": -2.22,
        "Hong Kong": 2.76,
        "Hungary": 8.7,
        "India": 4.8,
        "Indonesia": 2.04,
        "Iran": 4.91,
        "Iraq": 6.14,
        "Ireland": -3.86,
        "Israel": 4.22,
        "Italy": 5.47,
        "Jamaica": 0.68,
        "Japan": 5.62,
        "Jordan": 9.11,
        "Kazakhstan": -5.2,
        "Kenya": 5.9,
        "Kyrgyzstan": 4.64,
        "Laos": 12.69,
        "Lebanon": 0.24,
        "Liberia": 0.24,
        "Libya": 3.46,
        "Lithuania": -6.03,
        "Madagascar": 3.86,
        "Malaysia": 3.9,
        "Mali": 4.14,
        "Martinique": 0.5,
        "Mauritania": 4.4,
        "Mexico": 2.74,
        "Moldova": 3.9,
        "Mongolia": 3.35,
        "Montenegro": 2.4,
        "Morocco": 3.95,
        "Mozambique": 4.9,
        "Myanmar (Burma)": 0.88,
        "Namibia": 4.62,
        "Nepal": 6.21,
        "Netherlands": -4.95,
        "New Zealand": 2.46,
        "Nicaragua": 3.28,
        "Niger": 4.23,
        "Nigeria": -8.72,
        "Norway": 7.19,
        "Pakistan": -3.81,
        "Panama": -2.25,
        "Papua New Guinea": -0.8,
        "Paraguay": 3.66,
        "Peru": -3.66,
        "Philippines": 2.52,
        "Poland": 4.16,
        "Portugal": -3.86,
        "Qatar": 6.76,
        "Republic of the Congo": 2.37,
        "Romania": 6.13,
        "Russia": 4.56,
        "Rwanda": 1.26,
        "Saudi Arabia": 4.62,
        "Senegal": 4.06,
        "Sierra Leone": 8.04,
        "Singapore": 4.32,
        "Slovakia": 0.48,
        "Somalia": 5.92,
        "South Africa": 5.47,
        "South Korea": -6.78,
        "Spain": 4.25,
        "Sri Lanka": 2.83,
        "Sudan": 2.1,
        "Swaziland": 14.79,
        "Sweden": -11.28,
        "Switzerland": 5.17,
        "Syria": 7.55,
        "Taiwan": 4.68,
        "Tanzania": 4.54,
        "Thailand": 0.58,
        "Togo": 1.61,
        "Trinidad and Tobago": 3.45,
        "Tunisia": 0.57,
        "Turkey": -6.06,
        "Turkmenistan": -16.38,
        "Uganda": -6.95,
        "Ukraine": 4.84,
        "United Arab Emirates": -4.43,
        "United Kingdom": 4.13,
        "United States": 5.07,
        "Uruguay": 1.06,
        "Uzbekistan": 6.45,
        "Venezuela": -2.46,
        "Vietnam": 4.38,
        "Yemen": -14.86,
        "Zambia": 6.01,
        "Zimbabwe": -7.11
    },
    "country_profit_margin": {
        "Afghanistan": 0.22,
        "Albania": 0.05,
        "Algeria": 0.25,
        "Angola": 0.33,
        "Argentina": -1.76,
        "Australia": 0.14,
        "Austria": 0.21,
        "Azerbaijan": 0.18,
        "Bangladesh": 0.31,
        "Barbados": 0.14,
        "Belarus": 0.35,
        "Belgium": 0.29,
        "Benin": 0.19,
        "Bolivia": 0.23,
        "Bosnia and Herzegovina": 0.42,
        "Botswana": 0.33,
        "Brazil": 0.09,
        "Bulgaria": 0.39,
        "Cambodia": 0.27,
        "Cameroon": 0.37,
        "Canada": 0.25,
        "Central African Republic": 0.11,
        "Chad": 0.0,
        "Chile": 0.33,
        "China": 0.25,
        "Colombia": 0.22,
        "Costa Rica": 0.19,
        "Cote d'Ivoire": 0.19,
        "Croatia": 0.28,
        "Cuba": 0.22,
        "Czech Republic": 0.19,
        "C\u00f4te-d'Ivoire": 0.19,
        "Democratic Republic of the Congo": 0.24,
        "Denmark": -0.35,
        "Djibouti": 0.28,
        "Dominican Republic": 0.06,
        "Ecuador": 0.24,
        "Egypt": 0.29,
        "El Salvador": 0.19,
        "Eritrea": 0.18,
        "Estonia": 0.06,
        "Ethiopia": 0.28,
        "Finland": 0.33,
        "France": 0.22,
        "Gabon": 0.28,
        "Georgia": 0.16,
        "Germany": 0.26,
        "Ghana": 0.21,
        "Guadeloupe": 0.4,
        "Guatemala": 0.29,
        "Guinea": 0.0,
        "Haiti": -0.38,
        "Honduras": -0.31,
        "Hong Kong": 0.09,
        "Hungary": 0.31,
        "India": 0.25,
        "Indonesia": 0.12,
        "Iran": 0.25,
        "Iraq": 0.27,
        "Ireland": -0.42,
        "Israel": 0.24,
        "Italy": 0.26,
        "Jamaica": 0.08,
        "Japan": 0.2,
        "Jordan": 0.25,
        "Kazakhstan": -1.05,
        "Kenya": 0.24,
        "Kyrgyzstan": 0.38,
        "Laos": 0.29,
        "Lebanon": 0.04,
        "Liberia": 0.04,
        "Libya": 0.23,
        "Lithuania": -1.53,
        "Madagascar": 0.15,
        "Malaysia": 0.31,
        "Mali": 0.22,
        "Martinique": 0.09,
        "Mauritania": 0.23,
        "Mexico": 0.22,
        "Moldova": 0.18,
        "Mongolia": 0.16,
        "Montenegro": 0.23,
        "Morocco": 0.23,
        "Mozambique": 0.34,
        "Myanmar (Burma)": 0.1,
        "Namibia": 0.09,
        "Nepal": 0.44,
        "Netherlands": -0.47,
        "New Zealand": 0.14,
        "Nicaragua": 0.21,
        "Niger": 0.38,
        "Nigeria": -1.54,
        "Norway": 0.27,
        "Pakistan": -0.51,
        "Panama": -0.29,
        "Papua New Guinea": -0.3,
        "Paraguay": 0.21,
        "Peru": -0.38,
        "Philippines": 0.15,
        "Poland": 0.21,
        "Portugal": -0.45,
        "Qatar": 0.31,
        "Republic of the Congo": 0.42,
        "Romania": 0.24,
        "Russia": 0.25,
        "Rwanda": 0.08,
        "Saudi Arabia": 0.24,
        "Senegal": 0.19,
        "Sierra Leone": 0.31,
        "Singapore": 0.24,
        "Slovakia": 0.04,
        "Somalia": 0.27,
        "South Africa": 0.26,
        "South Korea": -0.5,
        "Spain": 0.24,
        "Sri Lanka": 0.31,
        "Sudan": 0.32,
        "Swaziland": 0.29,
        "Sweden": -0.67,
        "Switzerland": 0.28,
        "Syria": 0.41,
        "Taiwan": 0.31,
        "Tanzania": 0.31,
        "Thailand": 0.04,
        "Togo": 0.15,
        "Trinidad and Tobago": 0.18,
        "Tunisia": 0.09,
        "Turkey": -0.85,
        "Turkmenistan": -1.63,
        "Uganda": -1.44,
        "Ukraine": 0.26,
        "United Arab Emirates": -1.35,
        "United Kingdom": 0.21,
        "United States": 0.15,
        "Uruguay": 0.24,
        "Uzbekistan": 0.31,
        "Venezuela": -0.47,
        "Vietnam": 0.19,
        "Yemen": -2.19,
        "Zambia": 0.23,
        "Zimbabwe": -1.88
    },
    "top_10_states": {
        "California": [
            550,
            0.04
        ],
        "England": [
            408,
            0.03
        ],
        "New York": [
            357,
            0.03
        ],
        "Texas": [
            306,
            0.02
        ],
        "Ile-de-France": [
            268,
            0.02
        ],
        "North Rhine-Westphalia": [
            214,
            0.02
        ],
        "Pennsylvania": [
            196,
            0.02
        ],
        "Washington": [
            172,
            0.01
        ],
        "Illinois": [
            160,
            0.01
        ],
        "Ohio": [
            146,
            0.01
        ]
    },
    "top_10_states_values": [
        550,
        408,
        357,
        306,
        268,
        214,
        196,
        172,
        160,
        146
    ],
    "top_10_cities": {
        "New York City": [
            289,
            0.02
        ],
        "Los Angeles": [
            194,
            0.02
        ],
        "Philadelphia": [
            174,
            0.01
        ],
        "Seattle": [
            150,
            0.01
        ],
        "San Francisco": [
            148,
            0.01
        ],
        "Houston": [
            120,
            0.01
        ],
        "Istanbul": [
            100,
            0.01
        ],
        "Chicago": [
            94,
            0.01
        ],
        "Santo Domingo": [
            92,
            0.01
        ],
        "Lagos": [
            86,
            0.01
        ]
    },
    "top_10_cities_values": [
        289,
        194,
        174,
        150,
        148,
        120,
        100,
        94,
        92,
        86
    ],
    "product_performance": [
        {
            "Product ID": "OFF-BI-4276",
            "total_sales": 27453.384000000002,
            "total_quantity": 31,
            "average_price": 2745.3384,
            "total_profit": 7753.039,
            "profit_margin": 0.2824074074074074
        },
        {
            "Product ID": "OFF-BI-10003527",
            "total_sales": 27453.384,
            "total_quantity": 31,
            "average_price": 2745.3383999999996,
            "total_profit": 7753.039,
            "profit_margin": 0.28240740740740744
        },
        {
            "Product ID": "OFF-BI-10001359",
            "total_sales": 19823.479,
            "total_quantity": 37,
            "average_price": 1802.1344545454544,
            "total_profit": 2233.505099999999,
            "profit_margin": 0.1126696832579185
        },
        {
            "Product ID": "OFF-BI-4343",
            "total_sales": 19823.479,
            "total_quantity": 37,
            "average_price": 1802.1344545454544,
            "total_profit": 2233.5051000000003,
            "profit_margin": 0.11266968325791857
        },
        {
            "Product ID": "OFF-BI-10000545",
            "total_sales": 19024.5,
            "total_quantity": 48,
            "average_price": 2113.8333333333335,
            "total_profit": 760.9799999999997,
            "profit_margin": 0.03999999999999998
        },
        {
            "Product ID": "OFF-BI-4345",
            "total_sales": 19024.5,
            "total_quantity": 48,
            "average_price": 2113.8333333333335,
            "total_profit": 760.9799999999996,
            "profit_margin": 0.03999999999999998
        },
        {
            "Product ID": "OFF-BI-10004995",
            "total_sales": 17965.068,
            "total_quantity": 27,
            "average_price": 2994.178,
            "total_profit": -1878.166200000003,
            "profit_margin": -0.10454545454545472
        },
        {
            "Product ID": "OFF-BI-4340",
            "total_sales": 17965.068,
            "total_quantity": 27,
            "average_price": 2994.178,
            "total_profit": -1878.1662000000006,
            "profit_margin": -0.10454545454545458
        },
        {
            "Product ID": "OFF-BI-4821",
            "total_sales": 15875.916000000001,
            "total_quantity": 13,
            "average_price": 5291.972000000001,
            "total_profit": 3345.2823,
            "profit_margin": 0.2107142857142857
        },
        {
            "Product ID": "OFF-BI-10001120",
            "total_sales": 15875.916000000001,
            "total_quantity": 13,
            "average_price": 5291.972000000001,
            "total_profit": 3345.2823,
            "profit_margin": 0.2107142857142857
        },
        {
            "Product ID": "OFF-BI-10003925",
            "total_sales": 8070.192,
            "total_quantity": 27,
            "average_price": 1345.032,
            "total_profit": 2518.0550999999996,
            "profit_margin": 0.3120192307692307
        },
        {
            "Product ID": "OFF-BI-4275",
            "total_sales": 8070.191999999999,
            "total_quantity": 27,
            "average_price": 1345.032,
            "total_profit": 2518.0551,
            "profit_margin": 0.3120192307692308
        },
        {
            "Product ID": "OFF-BI-10004600",
            "total_sales": 7985.383,
            "total_quantity": 28,
            "average_price": 998.172875,
            "total_profit": 2318.3369999999995,
            "profit_margin": 0.29032258064516125
        },
        {
            "Product ID": "OFF-BI-4827",
            "total_sales": 7985.383,
            "total_quantity": 28,
            "average_price": 998.172875,
            "total_profit": 2318.337,
            "profit_margin": 0.2903225806451613
        },
        {
            "Product ID": "OFF-BI-3724",
            "total_sales": 7577.6457,
            "total_quantity": 171,
            "average_price": 154.6458306122449,
            "total_profit": 2804.8257,
            "profit_margin": 0.37014474033801814
        },
        {
            "Product ID": "OFF-BI-10003650",
            "total_sales": 7226.187000000001,
            "total_quantity": 77,
            "average_price": 301.09112500000003,
            "total_profit": 540.1861999999998,
            "profit_margin": 0.0747539746757176
        },
        {
            "Product ID": "OFF-BI-3726",
            "total_sales": 7012.7589,
            "total_quantity": 174,
            "average_price": 134.86074807692307,
            "total_profit": 1109.4588999999999,
            "profit_margin": 0.15820576692006336
        },
        {
            "Product ID": "OFF-BI-4818",
            "total_sales": 6950.2568,
            "total_quantity": 153,
            "average_price": 161.63387906976743,
            "total_profit": 863.9968,
            "profit_margin": 0.12431149306598283
        },
        {
            "Product ID": "OFF-BI-3256",
            "total_sales": 6811.841,
            "total_quantity": 167,
            "average_price": 154.8145681818182,
            "total_profit": 12.26099999999996,
            "profit_margin": 0.0017999539331584457
        },
        {
            "Product ID": "OFF-BI-4338",
            "total_sales": 6785.142,
            "total_quantity": 23,
            "average_price": 848.14275,
            "total_profit": 494.4212000000001,
            "profit_margin": 0.07286821705426358
        }
    ],
    "most_ordered_products_by_date": [
        {
            "Order Date": "2011-01-04",
            "Product Name": "Avery Hole Reinforcements, Durable",
            "total_sales": 5.91,
            "total_quantity": 1
        },
        {
            "Order Date": "2011-01-05",
            "Product Name": "GBC Standard Plastic Binding Systems Combs",
            "total_sales": 3.539999999999999,
            "total_quantity": 2
        },
        {
            "Order Date": "2011-01-07",
            "Product Name": "Ibico Hi-Tech Manual Binding System",
            "total_sales": 609.98,
            "total_quantity": 2
        },
        {
            "Order Date": "2011-01-07",
            "Product Name": "Ibico Index Tab, Durable",
            "total_sales": 18.54,
            "total_quantity": 3
        },
        {
            "Order Date": "2011-01-08",
            "Product Name": "Wilson Jones Binder Covers, Clear",
            "total_sales": 49.7,
            "total_quantity": 7
        },
        {
            "Order Date": "2011-01-08",
            "Product Name": "Acco Four Pocket Poly Ring Binder with Label Holder, Smoke, 1\"",
            "total_sales": 10.429999999999998,
            "total_quantity": 7
        },
        {
            "Order Date": "2011-01-08",
            "Product Name": "Avery Index Tab, Economy",
            "total_sales": 4.698,
            "total_quantity": 2
        },
        {
            "Order Date": "2011-01-09",
            "Product Name": "Avery Index Tab, Clear",
            "total_sales": 9.6114,
            "total_quantity": 2
        },
        {
            "Order Date": "2011-01-10",
            "Product Name": "Avery Binder Covers, Recycled",
            "total_sales": 34.29,
            "total_quantity": 3
        },
        {
            "Order Date": "2011-01-10",
            "Product Name": "Acco Binder, Durable",
            "total_sales": 16.65,
            "total_quantity": 1
        },
        {
            "Order Date": "2011-01-10",
            "Product Name": "Avery Binder Covers, Clear",
            "total_sales": 10.53,
            "total_quantity": 1
        },
        {
            "Order Date": "2011-01-11",
            "Product Name": "Ibico Hole Reinforcements, Recycled",
            "total_sales": 22.05,
            "total_quantity": 3
        },
        {
            "Order Date": "2011-01-11",
            "Product Name": "Avery Hole Reinforcements, Durable",
            "total_sales": 4.9053,
            "total_quantity": 1
        },
        {
            "Order Date": "2011-01-12",
            "Product Name": "Ibico Index Tab, Clear",
            "total_sales": 16.740000000000002,
            "total_quantity": 2
        },
        {
            "Order Date": "2011-01-13",
            "Product Name": "Wilson Jones Hole Reinforcements, Durable",
            "total_sales": 9.045000000000002,
            "total_quantity": 3
        },
        {
            "Order Date": "2011-01-14",
            "Product Name": "Cardinal Binder Covers, Recycled",
            "total_sales": 65.92,
            "total_quantity": 8
        },
        {
            "Order Date": "2011-01-14",
            "Product Name": "Staples",
            "total_sales": 5.64,
            "total_quantity": 3
        },
        {
            "Order Date": "2011-01-14",
            "Product Name": "Avery Metallic Poly Binders",
            "total_sales": 3.4380000000000006,
            "total_quantity": 2
        },
        {
            "Order Date": "2011-01-17",
            "Product Name": "Ibico Binder, Economy",
            "total_sales": 37.152,
            "total_quantity": 4
        },
        {
            "Order Date": "2011-01-17",
            "Product Name": "GBC Linen Binding Covers",
            "total_sales": 18.588000000000005,
            "total_quantity": 2
        }
    ],
    "most_frequent_order_month": [
        {
            "Order Month": "2014-12",
            "Order Count": 407
        },
        {
            "Order Month": "2014-11",
            "Order Count": 385
        },
        {
            "Order Month": "2014-09",
            "Order Count": 384
        },
        {
            "Order Month": "2014-08",
            "Order Count": 314
        },
        {
            "Order Month": "2014-06",
            "Order Count": 312
        },
        {
            "Order Month": "2014-10",
            "Order Count": 292
        },
        {
            "Order Month": "2017-12",
            "Order Count": 268
        },
        {
            "Order Month": "2017-09",
            "Order Count": 265
        },
        {
            "Order Month": "2017-11",
            "Order Count": 246
        },
        {
            "Order Month": "2017-06",
            "Order Count": 215
        },
        {
            "Order Month": "2014-05",
            "Order Count": 211
        },
        {
            "Order Month": "2017-08",
            "Order Count": 209
        },
        {
            "Order Month": "2014-04",
            "Order Count": 207
        },
        {
            "Order Month": "2014-07",
            "Order Count": 207
        },
        {
            "Order Month": "2013-09",
            "Order Count": 203
        },
        {
            "Order Month": "2016-09",
            "Order Count": 202
        },
        {
            "Order Month": "2017-10",
            "Order Count": 197
        },
        {
            "Order Month": "2013-11",
            "Order Count": 195
        },
        {
            "Order Month": "2016-11",
            "Order Count": 195
        },
        {
            "Order Month": "2013-06",
            "Order Count": 190
        }
    ],
    "time_series_analysis": [
        {
            "Order Date": "2011-01",
            "total_sales": 2522.999,
            "total_quantity": 176
        },
        {
            "Order Date": "2011-02",
            "total_sales": 2381.4197,
            "total_quantity": 152
        },
        {
            "Order Date": "2011-03",
            "total_sales": 4043.1568,
            "total_quantity": 211
        },
        {
            "Order Date": "2011-04",
            "total_sales": 3686.6980000000003,
            "total_quantity": 253
        },
        {
            "Order Date": "2011-05",
            "total_sales": 6333.661,
            "total_quantity": 224
        },
        {
            "Order Date": "2011-06",
            "total_sales": 8151.1538,
            "total_quantity": 310
        },
        {
            "Order Date": "2011-07",
            "total_sales": 5658.57,
            "total_quantity": 267
        },
        {
            "Order Date": "2011-08",
            "total_sales": 8561.4725,
            "total_quantity": 344
        },
        {
            "Order Date": "2011-09",
            "total_sales": 17615.808800000003,
            "total_quantity": 411
        },
        {
            "Order Date": "2011-10",
            "total_sales": 3530.3052000000002,
            "total_quantity": 270
        },
        {
            "Order Date": "2011-11",
            "total_sales": 12869.4,
            "total_quantity": 492
        },
        {
            "Order Date": "2011-12",
            "total_sales": 11644.2695,
            "total_quantity": 549
        },
        {
            "Order Date": "2012-01",
            "total_sales": 3167.1365,
            "total_quantity": 198
        },
        {
            "Order Date": "2012-02",
            "total_sales": 4443.222,
            "total_quantity": 149
        },
        {
            "Order Date": "2012-03",
            "total_sales": 11911.1088,
            "total_quantity": 234
        },
        {
            "Order Date": "2012-04",
            "total_sales": 6702.0472,
            "total_quantity": 239
        },
        {
            "Order Date": "2012-05",
            "total_sales": 4177.6057,
            "total_quantity": 299
        },
        {
            "Order Date": "2012-06",
            "total_sales": 11235.3585,
            "total_quantity": 455
        },
        {
            "Order Date": "2012-07",
            "total_sales": 4719.6245,
            "total_quantity": 294
        },
        {
            "Order Date": "2012-08",
            "total_sales": 8763.5726,
            "total_quantity": 426
        },
        {
            "Order Date": "2012-09",
            "total_sales": 9329.2197,
            "total_quantity": 594
        },
        {
            "Order Date": "2012-10",
            "total_sales": 5833.702,
            "total_quantity": 366
        },
        {
            "Order Date": "2012-11",
            "total_sales": 11267.0601,
            "total_quantity": 696
        },
        {
            "Order Date": "2012-12",
            "total_sales": 11868.2582,
            "total_quantity": 576
        },
        {
            "Order Date": "2013-01",
            "total_sales": 5987.051,
            "total_quantity": 290
        },
        {
            "Order Date": "2013-02",
            "total_sales": 5009.6512,
            "total_quantity": 274
        },
        {
            "Order Date": "2013-03",
            "total_sales": 5455.3651,
            "total_quantity": 302
        },
        {
            "Order Date": "2013-04",
            "total_sales": 6619.347,
            "total_quantity": 359
        },
        {
            "Order Date": "2013-05",
            "total_sales": 8010.467500000001,
            "total_quantity": 509
        },
        {
            "Order Date": "2013-06",
            "total_sales": 10561.148000000001,
            "total_quantity": 646
        },
        {
            "Order Date": "2013-07",
            "total_sales": 6645.6205,
            "total_quantity": 342
        },
        {
            "Order Date": "2013-08",
            "total_sales": 9279.4334,
            "total_quantity": 617
        },
        {
            "Order Date": "2013-09",
            "total_sales": 16253.127600000002,
            "total_quantity": 697
        },
        {
            "Order Date": "2013-10",
            "total_sales": 10950.8107,
            "total_quantity": 427
        },
        {
            "Order Date": "2013-11",
            "total_sales": 11831.2247,
            "total_quantity": 677
        },
        {
            "Order Date": "2013-12",
            "total_sales": 24471.8446,
            "total_quantity": 694
        },
        {
            "Order Date": "2014-01",
            "total_sales": 15997.8636,
            "total_quantity": 580
        },
        {
            "Order Date": "2014-02",
            "total_sales": 6969.183,
            "total_quantity": 425
        },
        {
            "Order Date": "2014-03",
            "total_sales": 11550.7544,
            "total_quantity": 671
        },
        {
            "Order Date": "2014-04",
            "total_sales": 14591.2726,
            "total_quantity": 708
        },
        {
            "Order Date": "2014-05",
            "total_sales": 15927.2451,
            "total_quantity": 746
        },
        {
            "Order Date": "2014-06",
            "total_sales": 20020.935400000002,
            "total_quantity": 998
        },
        {
            "Order Date": "2014-07",
            "total_sales": 10897.512,
            "total_quantity": 650
        },
        {
            "Order Date": "2014-08",
            "total_sales": 33686.9357,
            "total_quantity": 1145
        },
        {
            "Order Date": "2014-09",
            "total_sales": 38956.6108,
            "total_quantity": 1293
        },
        {
            "Order Date": "2014-10",
            "total_sales": 22137.519,
            "total_quantity": 1025
        },
        {
            "Order Date": "2014-11",
            "total_sales": 29317.1878,
            "total_quantity": 1360
        },
        {
            "Order Date": "2014-12",
            "total_sales": 27359.839200000002,
            "total_quantity": 1465
        },
        {
            "Order Date": "2015-01",
            "total_sales": 3167.1365,
            "total_quantity": 198
        },
        {
            "Order Date": "2015-02",
            "total_sales": 4443.222,
            "total_quantity": 149
        },
        {
            "Order Date": "2015-03",
            "total_sales": 11911.1088,
            "total_quantity": 234
        },
        {
            "Order Date": "2015-04",
            "total_sales": 6702.0472,
            "total_quantity": 239
        },
        {
            "Order Date": "2015-05",
            "total_sales": 4177.6057,
            "total_quantity": 299
        },
        {
            "Order Date": "2015-06",
            "total_sales": 11227.8385,
            "total_quantity": 450
        },
        {
            "Order Date": "2015-07",
            "total_sales": 4719.6245,
            "total_quantity": 294
        },
        {
            "Order Date": "2015-08",
            "total_sales": 8757.9326,
            "total_quantity": 423
        },
        {
            "Order Date": "2015-09",
            "total_sales": 9329.2197,
            "total_quantity": 594
        },
        {
            "Order Date": "2015-10",
            "total_sales": 5833.702,
            "total_quantity": 366
        },
        {
            "Order Date": "2015-11",
            "total_sales": 11267.0601,
            "total_quantity": 696
        },
        {
            "Order Date": "2015-12",
            "total_sales": 11864.4982,
            "total_quantity": 574
        },
        {
            "Order Date": "2016-01",
            "total_sales": 5987.051,
            "total_quantity": 290
        },
        {
            "Order Date": "2016-02",
            "total_sales": 5009.6512,
            "total_quantity": 274
        },
        {
            "Order Date": "2016-03",
            "total_sales": 5455.3651,
            "total_quantity": 302
        },
        {
            "Order Date": "2016-04",
            "total_sales": 6619.347,
            "total_quantity": 359
        },
        {
            "Order Date": "2016-05",
            "total_sales": 8010.4675,
            "total_quantity": 509
        },
        {
            "Order Date": "2016-06",
            "total_sales": 10561.148,
            "total_quantity": 646
        },
        {
            "Order Date": "2016-07",
            "total_sales": 6645.6205,
            "total_quantity": 342
        },
        {
            "Order Date": "2016-08",
            "total_sales": 9279.4334,
            "total_quantity": 617
        },
        {
            "Order Date": "2016-09",
            "total_sales": 16242.5996,
            "total_quantity": 690
        },
        {
            "Order Date": "2016-10",
            "total_sales": 10950.8107,
            "total_quantity": 427
        },
        {
            "Order Date": "2016-11",
            "total_sales": 11831.2247,
            "total_quantity": 677
        },
        {
            "Order Date": "2016-12",
            "total_sales": 24471.8446,
            "total_quantity": 694
        },
        {
            "Order Date": "2017-01",
            "total_sales": 13480.5046,
            "total_quantity": 407
        },
        {
            "Order Date": "2017-02",
            "total_sales": 4505.2813,
            "total_quantity": 262
        },
        {
            "Order Date": "2017-03",
            "total_sales": 7143.1166,
            "total_quantity": 446
        },
        {
            "Order Date": "2017-04",
            "total_sales": 11351.5376,
            "total_quantity": 480
        },
        {
            "Order Date": "2017-05",
            "total_sales": 9179.5641,
            "total_quantity": 502
        },
        {
            "Order Date": "2017-06",
            "total_sales": 12253.5496,
            "total_quantity": 695
        },
        {
            "Order Date": "2017-07",
            "total_sales": 5108.052,
            "total_quantity": 381
        },
        {
            "Order Date": "2017-08",
            "total_sales": 25121.4532,
            "total_quantity": 805
        },
        {
            "Order Date": "2017-09",
            "total_sales": 21380.584,
            "total_quantity": 888
        },
        {
            "Order Date": "2017-10",
            "total_sales": 17932.9098,
            "total_quantity": 720
        },
        {
            "Order Date": "2017-11",
            "total_sales": 16917.151,
            "total_quantity": 893
        },
        {
            "Order Date": "2017-12",
            "total_sales": 16036.8565,
            "total_quantity": 925
        }
    ],
    "customer_segmentation": [
        {
            "Customer ID": "SC-20095",
            "total_spent": 11540.79,
            "purchase_frequency": 7,
            "average_order_value": 1442.59875
        },
        {
            "Customer ID": "AB-10105",
            "total_spent": 11132.75,
            "purchase_frequency": 6,
            "average_order_value": 1855.4583333333333
        },
        {
            "Customer ID": "AB-101051402",
            "total_spent": 11028.769999999999,
            "purchase_frequency": 3,
            "average_order_value": 3676.256666666666
        },
        {
            "Customer ID": "SC-200951402",
            "total_spent": 9462.890000000001,
            "purchase_frequency": 1,
            "average_order_value": 4731.445000000001
        },
        {
            "Customer ID": "CM-12385",
            "total_spent": 9162.862,
            "purchase_frequency": 8,
            "average_order_value": 1145.35775
        },
        {
            "Customer ID": "CM-123851408",
            "total_spent": 6354.95,
            "purchase_frequency": 1,
            "average_order_value": 6354.95
        },
        {
            "Customer ID": "JW-15220",
            "total_spent": 5760.67,
            "purchase_frequency": 11,
            "average_order_value": 523.6972727272728
        },
        {
            "Customer ID": "AR-10540",
            "total_spent": 5517.454,
            "purchase_frequency": 5,
            "average_order_value": 1103.4908
        },
        {
            "Customer ID": "AB-10060",
            "total_spent": 5460.959000000001,
            "purchase_frequency": 6,
            "average_order_value": 682.6198750000001
        },
        {
            "Customer ID": "AR-105401402",
            "total_spent": 5443.96,
            "purchase_frequency": 1,
            "average_order_value": 5443.96
        },
        {
            "Customer ID": "JW-152201404",
            "total_spent": 5083.96,
            "purchase_frequency": 1,
            "average_order_value": 5083.96
        },
        {
            "Customer ID": "DP-13390",
            "total_spent": 5044.377,
            "purchase_frequency": 11,
            "average_order_value": 420.36475
        },
        {
            "Customer ID": "DP-133901404",
            "total_spent": 4716.936,
            "purchase_frequency": 2,
            "average_order_value": 2358.468
        },
        {
            "Customer ID": "PK-19075",
            "total_spent": 4429.924000000001,
            "purchase_frequency": 6,
            "average_order_value": 632.8462857142858
        },
        {
            "Customer ID": "PK-190751406",
            "total_spent": 4360.759999999999,
            "purchase_frequency": 2,
            "average_order_value": 1453.5866666666664
        },
        {
            "Customer ID": "AB-100601406",
            "total_spent": 4358.215999999999,
            "purchase_frequency": 1,
            "average_order_value": 2179.1079999999997
        },
        {
            "Customer ID": "GH-14425",
            "total_spent": 4171.029500000001,
            "purchase_frequency": 9,
            "average_order_value": 463.4477222222223
        },
        {
            "Customer ID": "SD-20485",
            "total_spent": 3909.5328,
            "purchase_frequency": 5,
            "average_order_value": 781.90656
        },
        {
            "Customer ID": "SD-204851402",
            "total_spent": 3812.97,
            "purchase_frequency": 1,
            "average_order_value": 3812.97
        },
        {
            "Customer ID": "LC-16885",
            "total_spent": 3333.492,
            "purchase_frequency": 7,
            "average_order_value": 476.2131428571429
        }
    ],
    "discount_analysis": [
        {
            "Discount": 0.0,
            "total_sales": 564922.78,
            "total_quantity": 24172,
            "average_profit": 25.121118719418426
        },
        {
            "Discount": 0.1,
            "total_sales": 36161.154,
            "total_quantity": 1826,
            "average_profit": 12.097819277108433
        },
        {
            "Discount": 0.15,
            "total_sales": 8011.641,
            "total_quantity": 480,
            "average_profit": 9.766137096774193
        },
        {
            "Discount": 0.17,
            "total_sales": 21618.0804,
            "total_quantity": 1300,
            "average_profit": 7.305231034482758
        },
        {
            "Discount": 0.2,
            "total_sales": 177089.21600000001,
            "total_quantity": 4974,
            "average_profit": 46.1613646141855
        },
        {
            "Discount": 0.4,
            "total_sales": 13656.36,
            "total_quantity": 1606,
            "average_profit": -9.676037735849057
        },
        {
            "Discount": 0.5,
            "total_sales": 18255.600000000002,
            "total_quantity": 1602,
            "average_profit": -22.600243902439026
        },
        {
            "Discount": 0.6,
            "total_sales": 7206.608,
            "total_quantity": 1024,
            "average_profit": -15.162336538461538
        },
        {
            "Discount": 0.7,
            "total_sales": 49697.016,
            "total_quantity": 3942,
            "average_profit": -34.28253639455782
        },
        {
            "Discount": 0.8,
            "total_sales": 27162.443999999996,
            "total_quantity": 1906,
            "average_profit": -94.0317510729614
        }
    ],
    "geographic_distribution": [
        {
            "State": "New York",
            "City": "New York City",
            "total_sales": 49124.864,
            "total_quantity": 1117
        },
        {
            "State": "Washington",
            "City": "Seattle",
            "total_sales": 35400.304000000004,
            "total_quantity": 658
        },
        {
            "State": "Michigan",
            "City": "Detroit",
            "total_sales": 24978.36,
            "total_quantity": 198
        },
        {
            "State": "Minnesota",
            "City": "Minneapolis",
            "total_sales": 22690.7,
            "total_quantity": 30
        },
        {
            "State": "California",
            "City": "Los Angeles",
            "total_sales": 19505.904,
            "total_quantity": 709
        },
        {
            "State": "Georgia",
            "City": "Atlanta",
            "total_sales": 15503.12,
            "total_quantity": 36
        },
        {
            "State": "California",
            "City": "San Francisco",
            "total_sales": 13119.024000000001,
            "total_quantity": 582
        },
        {
            "State": "Michigan",
            "City": "Jackson",
            "total_sales": 11223.960000000001,
            "total_quantity": 36
        },
        {
            "State": "California",
            "City": "Sacramento",
            "total_sales": 10259.056,
            "total_quantity": 26
        },
        {
            "State": "Pennsylvania",
            "City": "Philadelphia",
            "total_sales": 9104.322,
            "total_quantity": 568
        },
        {
            "State": "Nevada",
            "City": "North Las Vegas",
            "total_sales": 9071.952000000001,
            "total_quantity": 6
        },
        {
            "State": "Texas",
            "City": "Houston",
            "total_sales": 8603.883999999998,
            "total_quantity": 458
        },
        {
            "State": "Michigan",
            "City": "Midland",
            "total_sales": 7789.26,
            "total_quantity": 38
        },
        {
            "State": "Illinois",
            "City": "Chicago",
            "total_sales": 6336.66,
            "total_quantity": 364
        },
        {
            "State": "Vienna",
            "City": "Vienna",
            "total_sales": 5801.22,
            "total_quantity": 232
        },
        {
            "State": "Kentucky",
            "City": "Henderson",
            "total_sales": 5649.1,
            "total_quantity": 70
        },
        {
            "State": "Maryland",
            "City": "Columbia",
            "total_sales": 5537.96,
            "total_quantity": 34
        },
        {
            "State": "Virginia",
            "City": "Virginia Beach",
            "total_sales": 5451.14,
            "total_quantity": 18
        },
        {
            "State": "Georgia",
            "City": "Roswell",
            "total_sales": 5381.9400000000005,
            "total_quantity": 6
        },
        {
            "State": "England",
            "City": "London",
            "total_sales": 5077.404,
            "total_quantity": 290
        }
    ]
}