{
    "segment_distribution": {
        "Consumer": [
            6465,
            0.53
        ],
        "Corporate": [
            3686,
            0.3
        ],
        "Home Office": [
            2147,
            0.17
        ]
    },
    "segment_quantity": {
        "Consumer": 3.5,
        "Corporate": 3.44,
        "Home Office": 3.51
    },
    "segment_unit_price": {
        "Consumer": 22.44,
        "Corporate": 20.26,
        "Home Office": 21.16
    },
    "segment_profit": {
        "Consumer": 3.56,
        "Corporate": 2.93,
        "Home Office": 3.63
    },
    "segment_discount": {
        "Consumer": 0.18,
        "Corporate": 0.18,
        "Home Office": 0.18
    },
    "region_distribution": {
        "Central": [
            1418,
            0.12
        ],
        "Western Europe": [
            784,
            0.06
        ],
        "South": [
            775,
            0.06
        ],
        "EMEA": [
            695,
            0.06
        ],
        "Africa": [
            612,
            0.05
        ],
        "Oceania": [
            606,
            0.05
        ],
        "Central America": [
            544,
            0.04
        ],
        "North": [
            543,
            0.04
        ],
        "West": [
            471,
            0.04
        ],
        "Western US": [
            469,
            0.04
        ],
        "East": [
            440,
            0.04
        ],
        "Eastern US": [
            439,
            0.04
        ],
        "Central US": [
            366,
            0.03
        ],
        "Caribbean": [
            342,
            0.03
        ],
        "Western Asia": [
            337,
            0.03
        ],
        "Southern Asia": [
            294,
            0.02
        ],
        "Northern Europe": [
            282,
            0.02
        ],
        "Southern Europe": [
            281,
            0.02
        ],
        "Southeast Asia": [
            269,
            0.02
        ],
        "Southeastern Asia": [
            269,
            0.02
        ],
        "South America": [
            263,
            0.02
        ],
        "Southern US": [
            243,
            0.02
        ],
        "Central Asia": [
            219,
            0.02
        ],
        "Eastern Asia": [
            205,
            0.02
        ],
        "North Asia": [
            201,
            0.02
        ],
        "Eastern Europe": [
            195,
            0.02
        ],
        "Western Africa": [
            193,
            0.02
        ],
        "North Africa": [
            180,
            0.01
        ],
        "Canada": [
            124,
            0.01
        ],
        "Eastern Africa": [
            97,
            0.01
        ],
        "Central Africa": [
            84,
            0.01
        ],
        "Southern Africa": [
            58,
            0.0
        ]
    },
    "region_quantity": {
        "Africa": 2.36,
        "Canada": 2.13,
        "Caribbean": 4.02,
        "Central": 3.91,
        "Central Africa": 2.29,
        "Central America": 3.73,
        "Central Asia": 3.44,
        "Central US": 4.02,
        "EMEA": 2.26,
        "East": 3.75,
        "Eastern Africa": 2.22,
        "Eastern Asia": 3.66,
        "Eastern Europe": 2.19,
        "Eastern US": 3.75,
        "North": 3.7,
        "North Africa": 2.61,
        "North Asia": 3.71,
        "Northern Europe": 3.65,
        "Oceania": 3.54,
        "South": 3.85,
        "South America": 3.79,
        "Southeast Asia": 3.78,
        "Southeastern Asia": 3.78,
        "Southern Africa": 2.28,
        "Southern Asia": 3.21,
        "Southern Europe": 3.74,
        "Southern US": 4.0,
        "West": 3.97,
        "Western Africa": 2.25,
        "Western Asia": 2.26,
        "Western Europe": 3.91,
        "Western US": 3.96
    },
    "region_sales": {
        "Africa": 36.46,
        "Canada": 49.83,
        "Caribbean": 49.49,
        "Central": 91.86,
        "Central Africa": 40.29,
        "Central America": 45.33,
        "Central Asia": 58.32,
        "Central US": 155.53,
        "EMEA": 38.37,
        "East": 121.59,
        "Eastern Africa": 37.94,
        "Eastern Asia": 72.08,
        "Eastern Europe": 43.72,
        "Eastern US": 121.84,
        "North": 58.44,
        "North Africa": 44.37,
        "North Asia": 72.99,
        "Northern Europe": 67.94,
        "Oceania": 65.42,
        "South": 85.69,
        "South America": 38.1,
        "Southeast Asia": 62.24,
        "Southeastern Asia": 62.24,
        "Southern Africa": 51.33,
        "Southern Asia": 57.57,
        "Southern Europe": 72.66,
        "Southern US": 152.33,
        "West": 118.81,
        "Western Africa": 22.2,
        "Western Asia": 32.23,
        "Western Europe": 79.4,
        "Western US": 119.28
    },
    "region_unit_price": {
        "Africa": 15.46,
        "Canada": 23.4,
        "Caribbean": 12.3,
        "Central": 23.52,
        "Central Africa": 17.63,
        "Central America": 12.16,
        "Central Asia": 16.94,
        "Central US": 38.64,
        "EMEA": 16.99,
        "East": 32.38,
        "Eastern Africa": 17.12,
        "Eastern Asia": 19.68,
        "Eastern Europe": 19.92,
        "Eastern US": 32.52,
        "North": 15.79,
        "North Africa": 17.03,
        "North Asia": 19.67,
        "Northern Europe": 18.64,
        "Oceania": 18.49,
        "South": 22.23,
        "South America": 10.06,
        "Southeast Asia": 16.45,
        "Southeastern Asia": 16.45,
        "Southern Africa": 22.55,
        "Southern Asia": 17.91,
        "Southern Europe": 19.44,
        "Southern US": 38.04,
        "West": 29.96,
        "Western Africa": 9.85,
        "Western Asia": 14.25,
        "Western Europe": 20.3,
        "Western US": 30.13
    },
    "region_discount": {
        "Africa": 0.17,
        "Canada": 0.0,
        "Caribbean": 0.11,
        "Central": 0.19,
        "Central Africa": 0.0,
        "Central America": 0.08,
        "Central Asia": 0.11,
        "Central US": 0.51,
        "EMEA": 0.18,
        "East": 0.35,
        "Eastern Africa": 0.14,
        "Eastern Asia": 0.06,
        "Eastern Europe": 0.0,
        "Eastern US": 0.35,
        "North": 0.06,
        "North Africa": 0.0,
        "North Asia": 0.06,
        "Northern Europe": 0.13,
        "Oceania": 0.15,
        "South": 0.2,
        "South America": 0.2,
        "Southeast Asia": 0.14,
        "Southeastern Asia": 0.14,
        "Southern Africa": 0.0,
        "Southern Asia": 0.04,
        "Southern Europe": 0.02,
        "Southern US": 0.38,
        "West": 0.28,
        "Western Africa": 0.46,
        "Western Asia": 0.33,
        "Western Europe": 0.06,
        "Western US": 0.28
    },
    "region_profit": {
        "Africa": 1.84,
        "Canada": 5.96,
        "Caribbean": 1.66,
        "Central": 2.34,
        "Central Africa": 4.93,
        "Central America": 1.95,
        "Central Asia": 3.48,
        "Central US": -0.71,
        "EMEA": 1.85,
        "East": 6.82,
        "Eastern Africa": 3.23,
        "Eastern Asia": 3.89,
        "Eastern Europe": 5.06,
        "Eastern US": 6.85,
        "North": 2.6,
        "North Africa": 4.37,
        "North Asia": 3.9,
        "Northern Europe": 2.27,
        "Oceania": 2.55,
        "South": 2.88,
        "South America": 0.23,
        "Southeast Asia": 2.35,
        "Southeastern Asia": 2.35,
        "Southern Africa": 5.73,
        "Southern Asia": 4.18,
        "Southern Europe": 4.53,
        "Southern US": 4.0,
        "West": 8.62,
        "Western Africa": -4.11,
        "Western Asia": -0.72,
        "Western Europe": 4.21,
        "Western US": 8.67
    },
    "region_profit_margin": {
        "Africa": 0.12,
        "Canada": 0.25,
        "Caribbean": 0.14,
        "Central": 0.1,
        "Central Africa": 0.28,
        "Central America": 0.16,
        "Central Asia": 0.21,
        "Central US": -0.02,
        "EMEA": 0.11,
        "East": 0.21,
        "Eastern Africa": 0.19,
        "Eastern Asia": 0.2,
        "Eastern Europe": 0.25,
        "Eastern US": 0.21,
        "North": 0.16,
        "North Africa": 0.26,
        "North Asia": 0.2,
        "Northern Europe": 0.12,
        "Oceania": 0.14,
        "South": 0.13,
        "South America": 0.02,
        "Southeast Asia": 0.14,
        "Southeastern Asia": 0.14,
        "Southern Africa": 0.25,
        "Southern Asia": 0.23,
        "Southern Europe": 0.23,
        "Southern US": 0.11,
        "West": 0.29,
        "Western Africa": -0.42,
        "Western Asia": -0.05,
        "Western Europe": 0.21,
        "Western US": 0.29
    },
    "market_distribution": {
        "LATAM": [
            1956,
            0.16
        ],
        "USCA": [
            1579,
            0.13
        ],
        "Europe": [
            1542,
            0.13
        ],
        "US": [
            1523,
            0.12
        ],
        "Asia Pacific": [
            1435,
            0.12
        ],
        "EU": [
            1317,
            0.11
        ],
        "Africa": [
            1224,
            0.1
        ],
        "APAC": [
            965,
            0.08
        ],
        "EMEA": [
            695,
            0.06
        ],
        "Canada": [
            62,
            0.01
        ]
    },
    "market_quantity": {
        "APAC": 3.67,
        "Africa": 2.36,
        "Asia Pacific": 3.2,
        "Canada": 2.13,
        "EMEA": 2.26,
        "EU": 3.84,
        "Europe": 3.61,
        "LATAM": 3.79,
        "US": 3.92,
        "USCA": 3.85
    },
    "market_sales": {
        "APAC": 65.83,
        "Africa": 36.46,
        "Asia Pacific": 55.48,
        "Canada": 49.83,
        "EMEA": 38.37,
        "EU": 75.75,
        "Europe": 71.56,
        "LATAM": 44.11,
        "US": 133.56,
        "USCA": 130.75
    },
    "market_unit_price": {
        "APAC": 17.94,
        "Africa": 15.46,
        "Asia Pacific": 17.32,
        "Canada": 23.4,
        "EMEA": 16.99,
        "EU": 19.72,
        "Europe": 19.8,
        "LATAM": 11.62,
        "US": 34.05,
        "USCA": 33.96
    },
    "market_discount": {
        "APAC": 0.11,
        "Africa": 0.17,
        "Asia Pacific": 0.16,
        "Canada": 0.0,
        "EMEA": 0.18,
        "EU": 0.06,
        "Europe": 0.06,
        "LATAM": 0.12,
        "US": 0.37,
        "USCA": 0.36
    },
    "market_profit": {
        "APAC": 3.05,
        "Africa": 1.84,
        "Asia Pacific": 2.46,
        "Canada": 5.96,
        "EMEA": 1.85,
        "EU": 3.91,
        "Europe": 3.98,
        "LATAM": 1.43,
        "US": 5.06,
        "USCA": 5.1
    },
    "market_profit_margin": {
        "APAC": 0.17,
        "Africa": 0.12,
        "Asia Pacific": 0.14,
        "Canada": 0.25,
        "EMEA": 0.11,
        "EU": 0.2,
        "Europe": 0.2,
        "LATAM": 0.12,
        "US": 0.15,
        "USCA": 0.15
    },
    "country_distribution": {
        "United States": [
            3040,
            0.25
        ],
        "France": [
            794,
            0.06
        ],
        "Mexico": [
            538,
            0.04
        ],
        "Germany": [
            510,
            0.04
        ],
        "Australia": [
            494,
            0.04
        ],
        "United Kingdom": [
            436,
            0.04
        ],
        "Turkey": [
            356,
            0.03
        ],
        "China": [
            326,
            0.03
        ],
        "India": [
            292,
            0.02
        ],
        "Italy": [
            280,
            0.02
        ],
        "Brazil": [
            268,
            0.02
        ],
        "Nigeria": [
            252,
            0.02
        ],
        "Indonesia": [
            242,
            0.02
        ],
        "Spain": [
            226,
            0.02
        ],
        "Iran": [
            204,
            0.02
        ],
        "Cuba": [
            154,
            0.01
        ],
        "Morocco": [
            146,
            0.01
        ],
        "Dominican Republic": [
            140,
            0.01
        ],
        "Honduras": [
            138,
            0.01
        ],
        "Egypt": [
            132,
            0.01
        ],
        "Nicaragua": [
            130,
            0.01
        ],
        "Philippines": [
            124,
            0.01
        ],
        "Canada": [
            124,
            0.01
        ],
        "El Salvador": [
            122,
            0.01
        ],
        "Netherlands": [
            118,
            0.01
        ],
        "Iraq": [
            118,
            0.01
        ],
        "South Africa": [
            111,
            0.01
        ],
        "Ukraine": [
            106,
            0.01
        ],
        "New Zealand": [
            106,
            0.01
        ],
        "Saudi Arabia": [
            102,
            0.01
        ],
        "Democratic Republic of the Congo": [
            92,
            0.01
        ],
        "Russia": [
            92,
            0.01
        ],
        "Austria": [
            88,
            0.01
        ],
        "Guatemala": [
            88,
            0.01
        ],
        "Colombia": [
            74,
            0.01
        ],
        "Panama": [
            70,
            0.01
        ],
        "Argentina": [
            66,
            0.01
        ],
        "Tanzania": [
            54,
            0.0
        ],
        "Thailand": [
            54,
            0.0
        ],
        "Poland": [
            52,
            0.0
        ],
        "Algeria": [
            50,
            0.0
        ],
        "Pakistan": [
            40,
            0.0
        ],
        "Romania": [
            40,
            0.0
        ],
        "Belgium": [
            40,
            0.0
        ],
        "Peru": [
            38,
            0.0
        ],
        "Israel": [
            36,
            0.0
        ],
        "Sweden": [
            36,
            0.0
        ],
        "Japan": [
            36,
            0.0
        ],
        "Vietnam": [
            35,
            0.0
        ],
        "Bangladesh": [
            32,
            0.0
        ],
        "Cameroon": [
            32,
            0.0
        ],
        "Kenya": [
            30,
            0.0
        ],
        "Senegal": [
            30,
            0.0
        ],
        "Belarus": [
            30,
            0.0
        ],
        "Ireland": [
            30,
            0.0
        ],
        "Kazakhstan": [
            30,
            0.0
        ],
        "South Korea": [
            30,
            0.0
        ],
        "Angola": [
            28,
            0.0
        ],
        "Malaysia": [
            28,
            0.0
        ],
        "Portugal": [
            26,
            0.0
        ],
        "Venezuela": [
            26,
            0.0
        ],
        "Singapore": [
            26,
            0.0
        ],
        "Chile": [
            24,
            0.0
        ],
        "Zimbabwe": [
            24,
            0.0
        ],
        "Norway": [
            22,
            0.0
        ],
        "Croatia": [
            22,
            0.0
        ],
        "Haiti": [
            22,
            0.0
        ],
        "Hungary": [
            22,
            0.0
        ],
        "Sudan": [
            22,
            0.0
        ],
        "Georgia": [
            20,
            0.0
        ],
        "Mozambique": [
            20,
            0.0
        ],
        "Switzerland": [
            18,
            0.0
        ],
        "Somalia": [
            18,
            0.0
        ],
        "Zambia": [
            18,
            0.0
        ],
        "Moldova": [
            16,
            0.0
        ],
        "Cote d'Ivoire": [
            16,
            0.0
        ],
        "Bulgaria": [
            16,
            0.0
        ],
        "Uganda": [
            16,
            0.0
        ],
        "C\u00f4te-d'Ivoire": [
            16,
            0.0
        ],
        "Myanmar (Burma)": [
            16,
            0.0
        ],
        "Czech Republic": [
            14,
            0.0
        ],
        "Lithuania": [
            14,
            0.0
        ],
        "Mali": [
            14,
            0.0
        ],
        "Uzbekistan": [
            14,
            0.0
        ],
        "Ghana": [
            14,
            0.0
        ],
        "Niger": [
            12,
            0.0
        ],
        "Denmark": [
            12,
            0.0
        ],
        "Cambodia": [
            12,
            0.0
        ],
        "Azerbaijan": [
            12,
            0.0
        ],
        "Afghanistan": [
            12,
            0.0
        ],
        "Gabon": [
            10,
            0.0
        ],
        "Bolivia": [
            10,
            0.0
        ],
        "Finland": [
            10,
            0.0
        ],
        "Ecuador": [
            10,
            0.0
        ],
        "Trinidad and Tobago": [
            8,
            0.0
        ],
        "Jordan": [
            8,
            0.0
        ],
        "Benin": [
            8,
            0.0
        ],
        "Mongolia": [
            8,
            0.0
        ],
        "Libya": [
            8,
            0.0
        ],
        "Togo": [
            8,
            0.0
        ],
        "Hong Kong": [
            8,
            0.0
        ],
        "Syria": [
            8,
            0.0
        ],
        "Jamaica": [
            6,
            0.0
        ],
        "Uruguay": [
            6,
            0.0
        ],
        "Mauritania": [
            6,
            0.0
        ],
        "Barbados": [
            6,
            0.0
        ],
        "Papua New Guinea": [
            6,
            0.0
        ],
        "Madagascar": [
            6,
            0.0
        ],
        "Sierra Leone": [
            6,
            0.0
        ],
        "Turkmenistan": [
            6,
            0.0
        ],
        "Estonia": [
            4,
            0.0
        ],
        "Sri Lanka": [
            4,
            0.0
        ],
        "Paraguay": [
            4,
            0.0
        ],
        "United Arab Emirates": [
            4,
            0.0
        ],
        "Nepal": [
            4,
            0.0
        ],
        "Albania": [
            4,
            0.0
        ],
        "Martinique": [
            4,
            0.0
        ],
        "Kyrgyzstan": [
            4,
            0.0
        ],
        "Yemen": [
            4,
            0.0
        ],
        "Qatar": [
            4,
            0.0
        ],
        "Swaziland": [
            2,
            0.0
        ],
        "Namibia": [
            2,
            0.0
        ],
        "Taiwan": [
            2,
            0.0
        ],
        "Guinea": [
            2,
            0.0
        ],
        "Central African Republic": [
            2,
            0.0
        ],
        "Guadeloupe": [
            2,
            0.0
        ],
        "Ethiopia": [
            2,
            0.0
        ],
        "Djibouti": [
            2,
            0.0
        ],
        "Liberia": [
            2,
            0.0
        ],
        "Lebanon": [
            2,
            0.0
        ],
        "Slovakia": [
            2,
            0.0
        ],
        "Republic of the Congo": [
            2,
            0.0
        ],
        "Eritrea": [
            2,
            0.0
        ],
        "Rwanda": [
            2,
            0.0
        ],
        "Chad": [
            2,
            0.0
        ],
        "Bosnia and Herzegovina": [
            2,
            0.0
        ],
        "Tunisia": [
            2,
            0.0
        ],
        "Montenegro": [
            2,
            0.0
        ],
        "Costa Rica": [
            2,
            0.0
        ],
        "Botswana": [
            1,
            0.0
        ],
        "Laos": [
            1,
            0.0
        ]
    },
    "country_quantity": {
        "Afghanistan": 5.0,
        "Albania": 1.0,
        "Algeria": 2.52,
        "Angola": 2.64,
        "Argentina": 3.15,
        "Australia": 3.56,
        "Austria": 3.68,
        "Azerbaijan": 2.67,
        "Bangladesh": 3.69,
        "Barbados": 3.67,
        "Belarus": 2.2,
        "Belgium": 3.9,
        "Benin": 1.0,
        "Bolivia": 3.6,
        "Bosnia and Herzegovina": 4.0,
        "Botswana": 1.0,
        "Brazil": 3.84,
        "Bulgaria": 2.38,
        "Cambodia": 3.5,
        "Cameroon": 2.31,
        "Canada": 2.13,
        "Central African Republic": 1.0,
        "Chad": 1.0,
        "Chile": 4.5,
        "China": 3.71,
        "Colombia": 3.08,
        "Costa Rica": 4.0,
        "Cote d'Ivoire": 2.5,
        "Croatia": 3.0,
        "Cuba": 3.96,
        "Czech Republic": 1.43,
        "C\u00f4te-d'Ivoire": 2.5,
        "Democratic Republic of the Congo": 2.02,
        "Denmark": 2.33,
        "Djibouti": 1.0,
        "Dominican Republic": 3.84,
        "Ecuador": 3.8,
        "Egypt": 2.45,
        "El Salvador": 3.95,
        "Eritrea": 2.0,
        "Estonia": 1.0,
        "Ethiopia": 4.0,
        "Finland": 2.2,
        "France": 4.02,
        "Gabon": 3.0,
        "Georgia": 2.4,
        "Germany": 3.78,
        "Ghana": 2.29,
        "Guadeloupe": 4.0,
        "Guatemala": 3.57,
        "Guinea": 6.0,
        "Haiti": 5.09,
        "Honduras": 3.93,
        "Hong Kong": 4.75,
        "Hungary": 1.82,
        "India": 3.55,
        "Indonesia": 3.6,
        "Iran": 2.35,
        "Iraq": 2.46,
        "Ireland": 4.4,
        "Israel": 2.72,
        "Italy": 3.78,
        "Jamaica": 4.33,
        "Japan": 3.67,
        "Jordan": 1.75,
        "Kazakhstan": 1.93,
        "Kenya": 3.07,
        "Kyrgyzstan": 1.5,
        "Laos": 3.0,
        "Lebanon": 2.0,
        "Liberia": 10.0,
        "Libya": 5.25,
        "Lithuania": 3.29,
        "Madagascar": 1.0,
        "Malaysia": 4.07,
        "Mali": 1.86,
        "Martinique": 4.0,
        "Mauritania": 1.67,
        "Mexico": 3.73,
        "Moldova": 2.88,
        "Mongolia": 1.25,
        "Montenegro": 1.0,
        "Morocco": 2.71,
        "Mozambique": 2.6,
        "Myanmar (Burma)": 3.38,
        "Namibia": 2.0,
        "Nepal": 6.0,
        "Netherlands": 3.92,
        "New Zealand": 3.43,
        "Nicaragua": 3.66,
        "Niger": 2.33,
        "Nigeria": 2.12,
        "Norway": 3.64,
        "Pakistan": 3.8,
        "Panama": 3.23,
        "Papua New Guinea": 3.33,
        "Paraguay": 10.0,
        "Peru": 4.26,
        "Philippines": 3.87,
        "Poland": 2.27,
        "Portugal": 4.46,
        "Qatar": 1.5,
        "Republic of the Congo": 8.0,
        "Romania": 2.6,
        "Russia": 2.54,
        "Rwanda": 1.0,
        "Saudi Arabia": 2.0,
        "Senegal": 2.8,
        "Sierra Leone": 1.67,
        "Singapore": 3.85,
        "Slovakia": 2.0,
        "Somalia": 1.89,
        "South Africa": 2.26,
        "South Korea": 3.53,
        "Spain": 3.74,
        "Sri Lanka": 5.0,
        "Sudan": 2.18,
        "Swaziland": 4.0,
        "Sweden": 4.22,
        "Switzerland": 3.67,
        "Syria": 1.75,
        "Taiwan": 3.0,
        "Tanzania": 2.3,
        "Thailand": 4.63,
        "Togo": 3.25,
        "Trinidad and Tobago": 5.5,
        "Tunisia": 1.0,
        "Turkey": 2.26,
        "Turkmenistan": 1.67,
        "Uganda": 1.5,
        "Ukraine": 1.75,
        "United Arab Emirates": 1.0,
        "United Kingdom": 3.65,
        "United States": 3.92,
        "Uruguay": 7.33,
        "Uzbekistan": 1.71,
        "Venezuela": 3.85,
        "Vietnam": 3.51,
        "Yemen": 1.5,
        "Zambia": 2.0,
        "Zimbabwe": 1.92
    },
    "country_sales": {
        "Afghanistan": 97.44,
        "Albania": 17.34,
        "Algeria": 50.07,
        "Angola": 49.07,
        "Argentina": 9.56,
        "Australia": 67.33,
        "Austria": 100.34,
        "Azerbaijan": 112.22,
        "Bangladesh": 67.79,
        "Barbados": 93.8,
        "Belarus": 24.19,
        "Belgium": 98.35,
        "Benin": 15.44,
        "Bolivia": 85.39,
        "Bosnia and Herzegovina": 22.8,
        "Botswana": 14.61,
        "Brazil": 43.63,
        "Bulgaria": 65.64,
        "Cambodia": 49.68,
        "Cameroon": 35.92,
        "Canada": 49.83,
        "Central African Republic": 49.32,
        "Chad": 28.23,
        "Chile": 37.11,
        "China": 70.13,
        "Colombia": 34.95,
        "Costa Rica": 43.73,
        "Cote d'Ivoire": 30.77,
        "Croatia": 90.1,
        "Cuba": 52.09,
        "Czech Republic": 16.76,
        "C\u00f4te-d'Ivoire": 30.77,
        "Democratic Republic of the Congo": 39.4,
        "Denmark": 27.07,
        "Djibouti": 16.65,
        "Dominican Republic": 44.51,
        "Ecuador": 39.72,
        "Egypt": 43.96,
        "El Salvador": 54.09,
        "Eritrea": 17.82,
        "Estonia": 14.22,
        "Ethiopia": 109.8,
        "Finland": 36.97,
        "France": 85.38,
        "Gabon": 37.48,
        "Georgia": 69.15,
        "Germany": 74.19,
        "Ghana": 45.44,
        "Guadeloupe": 130.24,
        "Guatemala": 49.6,
        "Guinea": 169.38,
        "Haiti": 32.55,
        "Honduras": 27.86,
        "Hong Kong": 151.0,
        "Hungary": 50.64,
        "India": 67.08,
        "Indonesia": 60.32,
        "Iran": 45.44,
        "Iraq": 55.82,
        "Ireland": 40.84,
        "Israel": 47.95,
        "Italy": 80.79,
        "Jamaica": 35.74,
        "Japan": 103.63,
        "Jordan": 64.59,
        "Kazakhstan": 9.57,
        "Kenya": 76.28,
        "Kyrgyzstan": 18.35,
        "Laos": 131.77,
        "Lebanon": 12.66,
        "Liberia": 63.3,
        "Libya": 78.19,
        "Lithuania": 12.91,
        "Madagascar": 26.13,
        "Malaysia": 51.3,
        "Mali": 34.29,
        "Martinique": 22.2,
        "Mauritania": 31.27,
        "Mexico": 47.01,
        "Moldova": 63.58,
        "Mongolia": 26.56,
        "Montenegro": 10.53,
        "Morocco": 45.99,
        "Mozambique": 37.92,
        "Myanmar (Burma)": 28.84,
        "Namibia": 102.84,
        "Nepal": 84.24,
        "Netherlands": 41.24,
        "New Zealand": 59.73,
        "Nicaragua": 56.62,
        "Niger": 25.82,
        "Nigeria": 12.04,
        "Norway": 95.46,
        "Pakistan": 28.42,
        "Panama": 25.19,
        "Papua New Guinea": 8.93,
        "Paraguay": 176.18,
        "Peru": 40.98,
        "Philippines": 64.61,
        "Poland": 45.62,
        "Portugal": 38.19,
        "Qatar": 32.97,
        "Republic of the Congo": 45.6,
        "Romania": 66.16,
        "Russia": 47.01,
        "Rwanda": 15.84,
        "Saudi Arabia": 38.75,
        "Senegal": 60.26,
        "Sierra Leone": 43.2,
        "Singapore": 70.07,
        "Slovakia": 24.0,
        "Somalia": 42.04,
        "South Africa": 47.97,
        "South Korea": 48.34,
        "Spain": 66.82,
        "Sri Lanka": 45.57,
        "Sudan": 14.23,
        "Swaziland": 204.36,
        "Sweden": 70.95,
        "Switzerland": 68.86,
        "Syria": 32.02,
        "Taiwan": 45.45,
        "Tanzania": 34.16,
        "Thailand": 67.13,
        "Togo": 35.2,
        "Trinidad and Tobago": 103.96,
        "Tunisia": 6.66,
        "Turkey": 16.13,
        "Turkmenistan": 16.78,
        "Uganda": 7.25,
        "Ukraine": 33.18,
        "United Arab Emirates": 3.29,
        "United Kingdom": 72.26,
        "United States": 133.81,
        "Uruguay": 32.79,
        "Uzbekistan": 35.63,
        "Venezuela": 20.29,
        "Vietnam": 80.1,
        "Yemen": 10.19,
        "Zambia": 52.46,
        "Zimbabwe": 7.27
    },
    "country_unit_price": {
        "Afghanistan": 19.49,
        "Albania": 17.34,
        "Algeria": 19.87,
        "Angola": 18.57,
        "Argentina": 3.03,
        "Australia": 18.9,
        "Austria": 27.25,
        "Azerbaijan": 42.08,
        "Bangladesh": 18.38,
        "Barbados": 25.58,
        "Belarus": 11.0,
        "Belgium": 25.22,
        "Benin": 15.44,
        "Bolivia": 23.72,
        "Bosnia and Herzegovina": 5.7,
        "Botswana": 14.61,
        "Brazil": 11.37,
        "Bulgaria": 27.64,
        "Cambodia": 14.19,
        "Cameroon": 15.53,
        "Canada": 23.4,
        "Central African Republic": 49.32,
        "Chad": 28.23,
        "Chile": 8.25,
        "China": 18.89,
        "Colombia": 11.34,
        "Costa Rica": 10.93,
        "Cote d'Ivoire": 12.31,
        "Croatia": 30.03,
        "Cuba": 13.15,
        "Czech Republic": 11.73,
        "C\u00f4te-d'Ivoire": 12.31,
        "Democratic Republic of the Congo": 19.49,
        "Denmark": 11.6,
        "Djibouti": 16.65,
        "Dominican Republic": 11.58,
        "Ecuador": 10.45,
        "Egypt": 17.91,
        "El Salvador": 13.69,
        "Eritrea": 8.91,
        "Estonia": 14.22,
        "Ethiopia": 27.45,
        "Finland": 16.8,
        "France": 21.22,
        "Gabon": 12.49,
        "Georgia": 28.81,
        "Germany": 19.6,
        "Ghana": 19.88,
        "Guadeloupe": 32.56,
        "Guatemala": 13.9,
        "Guinea": 28.23,
        "Haiti": 6.39,
        "Honduras": 7.09,
        "Hong Kong": 31.79,
        "Hungary": 27.85,
        "India": 18.91,
        "Indonesia": 16.78,
        "Iran": 19.31,
        "Iraq": 22.71,
        "Ireland": 9.28,
        "Israel": 17.61,
        "Italy": 21.38,
        "Jamaica": 8.25,
        "Japan": 28.26,
        "Jordan": 36.91,
        "Kazakhstan": 4.95,
        "Kenya": 24.87,
        "Kyrgyzstan": 12.23,
        "Laos": 43.92,
        "Lebanon": 6.33,
        "Liberia": 6.33,
        "Libya": 14.89,
        "Lithuania": 3.93,
        "Madagascar": 26.13,
        "Malaysia": 12.6,
        "Mali": 18.46,
        "Martinique": 5.55,
        "Mauritania": 18.76,
        "Mexico": 12.61,
        "Moldova": 22.11,
        "Mongolia": 21.25,
        "Montenegro": 10.53,
        "Morocco": 16.96,
        "Mozambique": 14.59,
        "Myanmar (Burma)": 8.55,
        "Namibia": 51.42,
        "Nepal": 14.04,
        "Netherlands": 10.53,
        "New Zealand": 17.39,
        "Nicaragua": 15.46,
        "Niger": 11.07,
        "Nigeria": 5.68,
        "Norway": 26.25,
        "Pakistan": 7.48,
        "Panama": 7.8,
        "Papua New Guinea": 2.68,
        "Paraguay": 17.62,
        "Peru": 9.61,
        "Philippines": 16.69,
        "Poland": 20.11,
        "Portugal": 8.56,
        "Qatar": 21.98,
        "Republic of the Congo": 5.7,
        "Romania": 25.44,
        "Russia": 18.48,
        "Rwanda": 15.84,
        "Saudi Arabia": 19.38,
        "Senegal": 21.52,
        "Sierra Leone": 25.92,
        "Singapore": 18.22,
        "Slovakia": 12.0,
        "Somalia": 22.25,
        "South Africa": 21.22,
        "South Korea": 13.68,
        "Spain": 17.85,
        "Sri Lanka": 9.11,
        "Sudan": 6.52,
        "Swaziland": 51.09,
        "Sweden": 16.8,
        "Switzerland": 18.78,
        "Syria": 18.3,
        "Taiwan": 15.15,
        "Tanzania": 14.87,
        "Thailand": 14.5,
        "Togo": 10.83,
        "Trinidad and Tobago": 18.9,
        "Tunisia": 6.66,
        "Turkey": 7.14,
        "Turkmenistan": 10.07,
        "Uganda": 4.83,
        "Ukraine": 18.91,
        "United Arab Emirates": 3.29,
        "United Kingdom": 19.79,
        "United States": 34.12,
        "Uruguay": 4.47,
        "Uzbekistan": 20.78,
        "Venezuela": 5.28,
        "Vietnam": 22.79,
        "Yemen": 6.79,
        "Zambia": 26.23,
        "Zimbabwe": 3.79
    },
    "country_profit": {
        "Afghanistan": 4.32,
        "Albania": 0.82,
        "Algeria": 4.96,
        "Angola": 6.2,
        "Argentina": -5.35,
        "Australia": 2.6,
        "Austria": 5.7,
        "Azerbaijan": 7.38,
        "Bangladesh": 5.7,
        "Barbados": 3.69,
        "Belarus": 3.85,
        "Belgium": 7.22,
        "Benin": 2.86,
        "Bolivia": 5.43,
        "Bosnia and Herzegovina": 2.37,
        "Botswana": 4.8,
        "Brazil": 1.03,
        "Bulgaria": 10.72,
        "Cambodia": 3.8,
        "Cameroon": 5.74,
        "Canada": 5.96,
        "Central African Republic": 5.4,
        "Chad": 0.0,
        "Chile": 2.71,
        "China": 4.68,
        "Colombia": 2.52,
        "Costa Rica": 2.09,
        "Cote d'Ivoire": 2.38,
        "Croatia": 8.5,
        "Cuba": 2.95,
        "Czech Republic": 2.24,
        "C\u00f4te-d'Ivoire": 2.38,
        "Democratic Republic of the Congo": 4.62,
        "Denmark": -4.02,
        "Djibouti": 4.65,
        "Dominican Republic": 0.74,
        "Ecuador": 2.48,
        "Egypt": 5.12,
        "El Salvador": 2.59,
        "Eritrea": 1.59,
        "Estonia": 0.82,
        "Ethiopia": 7.68,
        "Finland": 5.56,
        "France": 4.66,
        "Gabon": 3.47,
        "Georgia": 4.68,
        "Germany": 5.13,
        "Ghana": 4.14,
        "Guadeloupe": 13.02,
        "Guatemala": 4.07,
        "Guinea": 0.0,
        "Haiti": -2.42,
        "Honduras": -2.22,
        "Hong Kong": 2.76,
        "Hungary": 8.7,
        "India": 4.8,
        "Indonesia": 2.04,
        "Iran": 4.91,
        "Iraq": 6.14,
        "Ireland": -3.86,
        "Israel": 4.22,
        "Italy": 5.47,
        "Jamaica": 0.68,
        "Japan": 5.62,
        "Jordan": 9.11,
        "Kazakhstan": -5.2,
        "Kenya": 5.9,
        "Kyrgyzstan": 4.64,
        "Laos": 12.69,
        "Lebanon": 0.24,
        "Liberia": 0.24,
        "Libya": 3.46,
        "Lithuania": -6.03,
        "Madagascar": 3.86,
        "Malaysia": 3.9,
        "Mali": 4.14,
        "Martinique": 0.5,
        "Mauritania": 4.4,
        "Mexico": 2.74,
        "Moldova": 3.9,
        "Mongolia": 3.35,
        "Montenegro": 2.4,
        "Morocco": 3.95,
        "Mozambique": 4.9,
        "Myanmar (Burma)": 0.88,
        "Namibia": 4.62,
        "Nepal": 6.21,
        "Netherlands": -4.95,
        "New Zealand": 2.46,
        "Nicaragua": 3.28,
        "Niger": 4.23,
        "Nigeria": -8.72,
        "Norway": 7.19,
        "Pakistan": -3.81,
        "Panama": -2.25,
        "Papua New Guinea": -0.8,
        "Paraguay": 3.66,
        "Peru": -3.66,
        "Philippines": 2.52,
        "Poland": 4.16,
        "Portugal": -3.86,
        "Qatar": 6.76,
        "Republic of the Congo": 2.37,
        "Romania": 6.13,
        "Russia": 4.56,
        "Rwanda": 1.26,
        "Saudi Arabia": 4.62,
        "Senegal": 4.06,
        "Sierra Leone": 8.04,
        "Singapore": 4.32,
        "Slovakia": 0.48,
        "Somalia": 5.92,
        "South Africa": 5.47,
        "South Korea": -6.78,
        "Spain": 4.25,
        "Sri Lanka": 2.83,
        "Sudan": 2.1,
        "Swaziland": 14.79,
        "Sweden": -11.28,
        "Switzerland": 5.17,
        "Syria": 7.55,
        "Taiwan": 4.68,
        "Tanzania": 4.54,
        "Thailand": 0.58,
        "Togo": 1.61,
        "Trinidad and Tobago": 3.45,
        "Tunisia": 0.57,
        "Turkey": -6.06,
        "Turkmenistan": -16.38,
        "Uganda": -6.95,
        "Ukraine": 4.84,
        "United Arab Emirates": -4.43,
        "United Kingdom": 4.13,
        "United States": 5.07,
        "Uruguay": 1.06,
        "Uzbekistan": 6.45,
        "Venezuela": -2.46,
        "Vietnam": 4.38,
        "Yemen": -14.86,
        "Zambia": 6.01,
        "Zimbabwe": -7.11
    },
    "country_profit_margin": {
        "Afghanistan": 0.22,
        "Albania": 0.05,
        "Algeria": 0.25,
        "Angola": 0.33,
        "Argentina": -1.76,
        "Australia": 0.14,
        "Austria": 0.21,
        "Azerbaijan": 0.18,
        "Bangladesh": 0.31,
        "Barbados": 0.14,
        "Belarus": 0.35,
        "Belgium": 0.29,
        "Benin": 0.19,
        "Bolivia": 0.23,
        "Bosnia and Herzegovina": 0.42,
        "Botswana": 0.33,
        "Brazil": 0.09,
        "Bulgaria": 0.39,
        "Cambodia": 0.27,
        "Cameroon": 0.37,
        "Canada": 0.25,
        "Central African Republic": 0.11,
        "Chad": 0.0,
        "Chile": 0.33,
        "China": 0.25,
        "Colombia": 0.22,
        "Costa Rica": 0.19,
        "Cote d'Ivoire": 0.19,
        "Croatia": 0.28,
        "Cuba": 0.22,
        "Czech Republic": 0.19,
        "C\u00f4te-d'Ivoire": 0.19,
        "Democratic Republic of the Congo": 0.24,
        "Denmark": -0.35,
        "Djibouti": 0.28,
        "Dominican Republic": 0.06,
        "Ecuador": 0.24,
        "Egypt": 0.29,
        "El Salvador": 0.19,
        "Eritrea": 0.18,
        "Estonia": 0.06,
        "Ethiopia": 0.28,
        "Finland": 0.33,
        "France": 0.22,
        "Gabon": 0.28,
        "Georgia": 0.16,
        "Germany": 0.26,
        "Ghana": 0.21,
        "Guadeloupe": 0.4,
        "Guatemala": 0.29,
        "Guinea": 0.0,
        "Haiti": -0.38,
        "Honduras": -0.31,
        "Hong Kong": 0.09,
        "Hungary": 0.31,
        "India": 0.25,
        "Indonesia": 0.12,
        "Iran": 0.25,
        "Iraq": 0.27,
        "Ireland": -0.42,
        "Israel": 0.24,
        "Italy": 0.26,
        "Jamaica": 0.08,
        "Japan": 0.2,
        "Jordan": 0.25,
        "Kazakhstan": -1.05,
        "Kenya": 0.24,
        "Kyrgyzstan": 0.38,
        "Laos": 0.29,
        "Lebanon": 0.04,
        "Liberia": 0.04,
        "Libya": 0.23,
        "Lithuania": -1.53,
        "Madagascar": 0.15,
        "Malaysia": 0.31,
        "Mali": 0.22,
        "Martinique": 0.09,
        "Mauritania": 0.23,
        "Mexico": 0.22,
        "Moldova": 0.18,
        "Mongolia": 0.16,
        "Montenegro": 0.23,
        "Morocco": 0.23,
        "Mozambique": 0.34,
        "Myanmar (Burma)": 0.1,
        "Namibia": 0.09,
        "Nepal": 0.44,
        "Netherlands": -0.47,
        "New Zealand": 0.14,
        "Nicaragua": 0.21,
        "Niger": 0.38,
        "Nigeria": -1.54,
        "Norway": 0.27,
        "Pakistan": -0.51,
        "Panama": -0.29,
        "Papua New Guinea": -0.3,
        "Paraguay": 0.21,
        "Peru": -0.38,
        "Philippines": 0.15,
        "Poland": 0.21,
        "Portugal": -0.45,
        "Qatar": 0.31,
        "Republic of the Congo": 0.42,
        "Romania": 0.24,
        "Russia": 0.25,
        "Rwanda": 0.08,
        "Saudi Arabia": 0.24,
        "Senegal": 0.19,
        "Sierra Leone": 0.31,
        "Singapore": 0.24,
        "Slovakia": 0.04,
        "Somalia": 0.27,
        "South Africa": 0.26,
        "South Korea": -0.5,
        "Spain": 0.24,
        "Sri Lanka": 0.31,
        "Sudan": 0.32,
        "Swaziland": 0.29,
        "Sweden": -0.67,
        "Switzerland": 0.28,
        "Syria": 0.41,
        "Taiwan": 0.31,
        "Tanzania": 0.31,
        "Thailand": 0.04,
        "Togo": 0.15,
        "Trinidad and Tobago": 0.18,
        "Tunisia": 0.09,
        "Turkey": -0.85,
        "Turkmenistan": -1.63,
        "Uganda": -1.44,
        "Ukraine": 0.26,
        "United Arab Emirates": -1.35,
        "United Kingdom": 0.21,
        "United States": 0.15,
        "Uruguay": 0.24,
        "Uzbekistan": 0.31,
        "Venezuela": -0.47,
        "Vietnam": 0.19,
        "Yemen": -2.19,
        "Zambia": 0.23,
        "Zimbabwe": -1.88
    },
    "top_10_states": {
        "California": [
            550,
            0.04
        ],
        "England": [
            408,
            0.03
        ],
        "New York": [
            357,
            0.03
        ],
        "Texas": [
            306,
            0.02
        ],
        "Ile-de-France": [
            268,
            0.02
        ],
        "North Rhine-Westphalia": [
            214,
            0.02
        ],
        "Pennsylvania": [
            196,
            0.02
        ],
        "Washington": [
            172,
            0.01
        ],
        "Illinois": [
            160,
            0.01
        ],
        "Ohio": [
            146,
            0.01
        ]
    },
    "top_10_states_values": [
        550,
        408,
        357,
        306,
        268,
        214,
        196,
        172,
        160,
        146
    ],
    "top_10_cities": {
        "New York City": [
            289,
            0.02
        ],
        "Los Angeles": [
            194,
            0.02
        ],
        "Philadelphia": [
            174,
            0.01
        ],
        "Seattle": [
            150,
            0.01
        ],
        "San Francisco": [
            148,
            0.01
        ],
        "Houston": [
            120,
            0.01
        ],
        "Istanbul": [
            100,
            0.01
        ],
        "Chicago": [
            94,
            0.01
        ],
        "Santo Domingo": [
            92,
            0.01
        ],
        "Lagos": [
            86,
            0.01
        ]
    },
    "top_10_cities_values": [
        289,
        194,
        174,
        150,
        148,
        120,
        100,
        94,
        92,
        86
    ],
    "yearly_sales": {
        "2011": 86998.9143,
        "2012": 93417.9158,
        "2013": 121075.0913,
        "2014": 247412.8586,
        "2015": 93400.9958,
        "2016": 121064.5633,
        "2017": 160410.5603
    },
    "monthly_trend": {
        "April": {
            "2011": 3686.6980000000003,
            "2012": 6702.0472,
            "2013": 6619.347,
            "2014": 14591.2726,
            "2015": 6702.0472,
            "2016": 6619.347,
            "2017": 11351.5376
        },
        "August": {
            "2011": 8561.4725,
            "2012": 8763.5726,
            "2013": 9279.4334,
            "2014": 33686.9357,
            "2015": 8757.9326,
            "2016": 9279.4334,
            "2017": 25121.4532
        },
        "December": {
            "2011": 11644.2695,
            "2012": 11868.2582,
            "2013": 24471.8446,
            "2014": 27359.839200000002,
            "2015": 11864.4982,
            "2016": 24471.8446,
            "2017": 16036.8565
        },
        "February": {
            "2011": 2381.4197,
            "2012": 4443.222,
            "2013": 5009.6512,
            "2014": 6969.183,
            "2015": 4443.222,
            "2016": 5009.6512,
            "2017": 4505.2813
        },
        "January": {
            "2011": 2522.999,
            "2012": 3167.1365,
            "2013": 5987.051,
            "2014": 15997.8636,
            "2015": 3167.1365,
            "2016": 5987.051,
            "2017": 13480.5046
        },
        "July": {
            "2011": 5658.57,
            "2012": 4719.6245,
            "2013": 6645.6205,
            "2014": 10897.512,
            "2015": 4719.6245,
            "2016": 6645.6205,
            "2017": 5108.052
        },
        "June": {
            "2011": 8151.1538,
            "2012": 11235.3585,
            "2013": 10561.148000000001,
            "2014": 20020.935400000002,
            "2015": 11227.8385,
            "2016": 10561.148,
            "2017": 12253.5496
        },
        "March": {
            "2011": 4043.1568,
            "2012": 11911.1088,
            "2013": 5455.3651,
            "2014": 11550.7544,
            "2015": 11911.1088,
            "2016": 5455.3651,
            "2017": 7143.1166
        },
        "May": {
            "2011": 6333.661,
            "2012": 4177.6057,
            "2013": 8010.467500000001,
            "2014": 15927.2451,
            "2015": 4177.6057,
            "2016": 8010.4675,
            "2017": 9179.5641
        },
        "November": {
            "2011": 12869.4,
            "2012": 11267.0601,
            "2013": 11831.2247,
            "2014": 29317.1878,
            "2015": 11267.0601,
            "2016": 11831.2247,
            "2017": 16917.151
        },
        "October": {
            "2011": 3530.3052000000002,
            "2012": 5833.702,
            "2013": 10950.8107,
            "2014": 22137.519,
            "2015": 5833.702,
            "2016": 10950.8107,
            "2017": 17932.9098
        },
        "September": {
            "2011": 17615.808800000003,
            "2012": 9329.2197,
            "2013": 16253.127600000002,
            "2014": 38956.6108,
            "2015": 9329.2197,
            "2016": 16242.5996,
            "2017": 21380.584
        }
    },
    "shipping_delay_stats": {
        "mean": 4.0,
        "median": 4.0,
        "max": 8
    },
    "top_10_products_by_sales": {
        "Fellowes PB500 Electric Punch Plastic Comb Binding Machine with Manual Bind": 54906.768,
        "GBC DocuBind TL300 Electric Binding System": 39646.958,
        "GBC Ibimaster 500 Manual ProClick Binding System": 38049.0,
        "GBC DocuBind P400 Electric Binding System": 35930.136,
        "Ibico EPK-21 Electric Binding System": 31751.832000000002,
        "Fellowes PB300 Plastic Comb Binding Machine": 16140.384,
        "Ibico Ibimaster 300 Manual Binding System": 15970.766,
        "Cardinal Binding Machine, Clear": 15155.291400000002,
        "Cardinal Binding Machine, Economy": 14025.517800000001,
        "Ibico Binding Machine, Recycled": 13900.513599999998
    },
    "top_10_products_by_profit": {
        "Fellowes PB500 Electric Punch Plastic Comb Binding Machine with Manual Bind": 15506.078,
        "Ibico EPK-21 Electric Binding System": 6690.5646,
        "Cardinal Binding Machine, Clear": 5609.6514,
        "Fellowes PB300 Plastic Comb Binding Machine": 5036.1102,
        "Ibico Ibimaster 300 Manual Binding System": 4636.673999999999,
        "GBC DocuBind TL300 Electric Binding System": 4467.010199999999,
        "Ibico Binding Machine, Durable": 3643.956,
        "GBC DocuBind TL200 Manual Binding Machine": 3184.9955999999997,
        "Cardinal 3-Hole Punch, Durable": 2693.594,
        "Avery Binding Machine, Recycled": 2528.844
    },
    "top_10_products_by_turnover": {
        "Cardinal Index Tab, Clear": 674,
        "Avery Index Tab, Clear": 504,
        "Ibico Index Tab, Clear": 502,
        "Acco Index Tab, Clear": 456,
        "Wilson Jones Binder Covers, Recycled": 358,
        "Acco Binder Covers, Recycled": 352,
        "Cardinal Binding Machine, Economy": 348,
        "Cardinal Binding Machine, Clear": 342,
        "Acco Binder Covers, Clear": 338,
        "Cardinal Index Tab, Economy": 338
    },
    "top_5_loss_products": {
        "GBC DocuBind P400 Electric Binding System": -13718.779200000003,
        "GBC Ibimaster 500 Manual ProClick Binding System": -10197.132000000001,
        "GBC DocuBind TL300 Electric Binding System": -8324.067200000001,
        "Fellowes PB500 Electric Punch Plastic Comb Binding Machine with Manual Bind": -6863.3460000000005,
        "Ibico EPK-21 Electric Binding System": -5858.969000000001
    },
    "product_performance": [
        {
            "Product Name": "Fellowes PB500 Electric Punch Plastic Comb Binding Machine with Manual Bind",
            "total_sales": 54906.768,
            "total_quantity": 62,
            "average_price": 2745.3383999999996,
            "total_profit": 15506.078,
            "profit_margin": 0.28240740740740744
        },
        {
            "Product Name": "GBC DocuBind TL300 Electric Binding System",
            "total_sales": 39646.958,
            "total_quantity": 74,
            "average_price": 1802.1344545454544,
            "total_profit": 4467.010199999999,
            "profit_margin": 0.11266968325791853
        },
        {
            "Product Name": "GBC Ibimaster 500 Manual ProClick Binding System",
            "total_sales": 38049.0,
            "total_quantity": 96,
            "average_price": 2113.8333333333335,
            "total_profit": 1521.9599999999991,
            "profit_margin": 0.03999999999999998
        },
        {
            "Product Name": "GBC DocuBind P400 Electric Binding System",
            "total_sales": 35930.136,
            "total_quantity": 54,
            "average_price": 2994.178,
            "total_profit": -3756.3324000000034,
            "profit_margin": -0.10454545454545465
        },
        {
            "Product Name": "Ibico EPK-21 Electric Binding System",
            "total_sales": 31751.832000000002,
            "total_quantity": 26,
            "average_price": 5291.972000000001,
            "total_profit": 6690.5646,
            "profit_margin": 0.2107142857142857
        },
        {
            "Product Name": "Fellowes PB300 Plastic Comb Binding Machine",
            "total_sales": 16140.384,
            "total_quantity": 54,
            "average_price": 1345.032,
            "total_profit": 5036.1102,
            "profit_margin": 0.31201923076923077
        },
        {
            "Product Name": "Ibico Ibimaster 300 Manual Binding System",
            "total_sales": 15970.766,
            "total_quantity": 56,
            "average_price": 998.172875,
            "total_profit": 4636.673999999999,
            "profit_margin": 0.29032258064516125
        },
        {
            "Product Name": "Cardinal Binding Machine, Clear",
            "total_sales": 15155.291400000002,
            "total_quantity": 342,
            "average_price": 154.6458306122449,
            "total_profit": 5609.6514,
            "profit_margin": 0.37014474033801814
        },
        {
            "Product Name": "Cardinal Binding Machine, Economy",
            "total_sales": 14025.517800000001,
            "total_quantity": 348,
            "average_price": 134.8607480769231,
            "total_profit": 2218.9177999999997,
            "profit_margin": 0.15820576692006333
        },
        {
            "Product Name": "Ibico Binding Machine, Recycled",
            "total_sales": 13900.513599999998,
            "total_quantity": 306,
            "average_price": 161.63387906976743,
            "total_profit": 1727.9936000000002,
            "profit_margin": 0.12431149306598285
        },
        {
            "Product Name": "Avery Binding Machine, Durable",
            "total_sales": 13623.682,
            "total_quantity": 334,
            "average_price": 154.8145681818182,
            "total_profit": 24.5219999999999,
            "profit_margin": 0.0017999539331584441
        },
        {
            "Product Name": "GBC DocuBind 300 Electric Binding Machine",
            "total_sales": 13570.284000000001,
            "total_quantity": 46,
            "average_price": 848.1427500000001,
            "total_profit": 988.8423999999999,
            "profit_margin": 0.07286821705426355
        },
        {
            "Product Name": "Avery Binding Machine, Clear",
            "total_sales": 12958.568000000001,
            "total_quantity": 324,
            "average_price": 140.854,
            "total_profit": -334.8720000000001,
            "profit_margin": -0.02584174424211071
        },
        {
            "Product Name": "Ibico Binding Machine, Durable",
            "total_sales": 12822.516,
            "total_quantity": 296,
            "average_price": 130.84199999999998,
            "total_profit": 3643.956,
            "profit_margin": 0.2841841647926195
        },
        {
            "Product Name": "Wilson Jones Binding Machine, Recycled",
            "total_sales": 11924.9184,
            "total_quantity": 292,
            "average_price": 145.42583414634146,
            "total_profit": 561.9183999999999,
            "profit_margin": 0.04712136227280179
        },
        {
            "Product Name": "Wilson Jones Binding Machine, Economy",
            "total_sales": 11767.699200000001,
            "total_quantity": 302,
            "average_price": 136.83371162790698,
            "total_profit": 1680.6191999999999,
            "profit_margin": 0.1428162949644396
        },
        {
            "Product Name": "Acco Binding Machine, Clear",
            "total_sales": 11742.091,
            "total_quantity": 288,
            "average_price": 143.19623170731708,
            "total_profit": 1025.771,
            "profit_margin": 0.08735846111224993
        },
        {
            "Product Name": "Ibico Binding Machine, Clear",
            "total_sales": 11730.553600000001,
            "total_quantity": 264,
            "average_price": 162.92435555555556,
            "total_profit": 1698.5135999999998,
            "profit_margin": 0.14479398482949685
        },
        {
            "Product Name": "Acco Binding Machine, Recycled",
            "total_sales": 11126.92,
            "total_quantity": 266,
            "average_price": 158.956,
            "total_profit": 1909.18,
            "profit_margin": 0.17158207302649792
        },
        {
            "Product Name": "Ibico Binding Machine, Economy",
            "total_sales": 11078.9532,
            "total_quantity": 270,
            "average_price": 158.27076,
            "total_profit": 1337.1532,
            "profit_margin": 0.12069309941664885
        }
    ],
    "most_ordered_products_by_date": [
        {
            "Year_Month": "2011-06",
            "Product Name": "GBC DocuBind P400 Electric Binding System",
            "total_sales": 3266.376,
            "total_quantity": 3
        },
        {
            "Year_Month": "2011-07",
            "Product Name": "GBC DocuBind P400 Electric Binding System",
            "total_sales": 2177.5839999999994,
            "total_quantity": 8
        },
        {
            "Year_Month": "2011-08",
            "Product Name": "GBC DocuBind TL300 Electric Binding System",
            "total_sales": 896.99,
            "total_quantity": 1
        },
        {
            "Year_Month": "2011-09",
            "Product Name": "GBC DocuBind TL300 Electric Binding System",
            "total_sales": 1793.98,
            "total_quantity": 2
        },
        {
            "Year_Month": "2011-09",
            "Product Name": "Ibico EPK-21 Electric Binding System",
            "total_sales": 9449.95,
            "total_quantity": 5
        },
        {
            "Year_Month": "2011-11",
            "Product Name": "Fellowes PB500 Electric Punch Plastic Comb Binding Machine with Manual Bind",
            "total_sales": 2033.584,
            "total_quantity": 2
        },
        {
            "Year_Month": "2011-11",
            "Product Name": "GBC DocuBind TL300 Electric Binding System",
            "total_sales": 3049.766,
            "total_quantity": 8
        },
        {
            "Year_Month": "2012-02",
            "Product Name": "Fellowes PB500 Electric Punch Plastic Comb Binding Machine with Manual Bind",
            "total_sales": 2541.98,
            "total_quantity": 2
        },
        {
            "Year_Month": "2012-03",
            "Product Name": "Fellowes PB500 Electric Punch Plastic Comb Binding Machine with Manual Bind",
            "total_sales": 6354.95,
            "total_quantity": 5
        },
        {
            "Year_Month": "2012-04",
            "Product Name": "Fellowes PB500 Electric Punch Plastic Comb Binding Machine with Manual Bind",
            "total_sales": 3812.97,
            "total_quantity": 3
        },
        {
            "Year_Month": "2012-06",
            "Product Name": "Fellowes PB500 Electric Punch Plastic Comb Binding Machine with Manual Bind",
            "total_sales": 3050.376,
            "total_quantity": 3
        },
        {
            "Year_Month": "2012-06",
            "Product Name": "GBC Ibimaster 500 Manual ProClick Binding System",
            "total_sales": 1217.568,
            "total_quantity": 2
        },
        {
            "Year_Month": "2012-08",
            "Product Name": "GBC Ibimaster 500 Manual ProClick Binding System",
            "total_sales": 1217.568,
            "total_quantity": 2
        },
        {
            "Year_Month": "2012-09",
            "Product Name": "GBC Ibimaster 500 Manual ProClick Binding System",
            "total_sales": 1369.764,
            "total_quantity": 6
        },
        {
            "Year_Month": "2012-11",
            "Product Name": "GBC DocuBind TL300 Electric Binding System",
            "total_sales": 1345.485,
            "total_quantity": 5
        },
        {
            "Year_Month": "2012-12",
            "Product Name": "GBC Ibimaster 500 Manual ProClick Binding System",
            "total_sales": 1598.0580000000002,
            "total_quantity": 7
        },
        {
            "Year_Month": "2013-01",
            "Product Name": "Fellowes PB500 Electric Punch Plastic Comb Binding Machine with Manual Bind",
            "total_sales": 1270.99,
            "total_quantity": 1
        },
        {
            "Year_Month": "2013-04",
            "Product Name": "GBC DocuBind P400 Electric Binding System",
            "total_sales": 1088.7919999999997,
            "total_quantity": 4
        },
        {
            "Year_Month": "2013-07",
            "Product Name": "GBC Ibimaster 500 Manual ProClick Binding System",
            "total_sales": 1369.764,
            "total_quantity": 6
        },
        {
            "Year_Month": "2013-09",
            "Product Name": "GBC DocuBind P400 Electric Binding System",
            "total_sales": 4355.168000000001,
            "total_quantity": 4
        },
        {
            "Year_Month": "2013-09",
            "Product Name": "GBC Ibimaster 500 Manual ProClick Binding System",
            "total_sales": 1141.4700000000005,
            "total_quantity": 5
        },
        {
            "Year_Month": "2013-10",
            "Product Name": "Ibico EPK-21 Electric Binding System",
            "total_sales": 4535.976000000001,
            "total_quantity": 3
        },
        {
            "Year_Month": "2013-11",
            "Product Name": "Fellowes PB500 Electric Punch Plastic Comb Binding Machine with Manual Bind",
            "total_sales": 1016.792,
            "total_quantity": 1
        },
        {
            "Year_Month": "2013-11",
            "Product Name": "GBC Ibimaster 500 Manual ProClick Binding System",
            "total_sales": 456.5880000000001,
            "total_quantity": 2
        },
        {
            "Year_Month": "2013-12",
            "Product Name": "GBC DocuBind TL300 Electric Binding System",
            "total_sales": 1793.98,
            "total_quantity": 2
        },
        {
            "Year_Month": "2013-12",
            "Product Name": "GBC Ibimaster 500 Manual ProClick Binding System",
            "total_sales": 9892.74,
            "total_quantity": 13
        },
        {
            "Year_Month": "2014-01",
            "Product Name": "GBC DocuBind P400 Electric Binding System",
            "total_sales": 5443.96,
            "total_quantity": 4
        },
        {
            "Year_Month": "2014-01",
            "Product Name": "GBC Ibimaster 500 Manual ProClick Binding System",
            "total_sales": 760.9799999999998,
            "total_quantity": 5
        },
        {
            "Year_Month": "2014-04",
            "Product Name": "GBC DocuBind TL300 Electric Binding System",
            "total_sales": 2690.9700000000003,
            "total_quantity": 3
        },
        {
            "Year_Month": "2014-06",
            "Product Name": "GBC DocuBind P400 Electric Binding System",
            "total_sales": 3266.376,
            "total_quantity": 3
        },
        {
            "Year_Month": "2014-07",
            "Product Name": "GBC DocuBind P400 Electric Binding System",
            "total_sales": 2177.584,
            "total_quantity": 8
        },
        {
            "Year_Month": "2014-08",
            "Product Name": "GBC DocuBind TL300 Electric Binding System",
            "total_sales": 6817.124000000001,
            "total_quantity": 13
        },
        {
            "Year_Month": "2014-09",
            "Product Name": "Fellowes PB500 Electric Punch Plastic Comb Binding Machine with Manual Bind",
            "total_sales": 762.5939999999998,
            "total_quantity": 3
        },
        {
            "Year_Month": "2014-09",
            "Product Name": "GBC DocuBind TL300 Electric Binding System",
            "total_sales": 2332.174,
            "total_quantity": 4
        },
        {
            "Year_Month": "2014-09",
            "Product Name": "Ibico EPK-21 Electric Binding System",
            "total_sales": 9449.95,
            "total_quantity": 5
        },
        {
            "Year_Month": "2014-10",
            "Product Name": "Fellowes PB500 Electric Punch Plastic Comb Binding Machine with Manual Bind",
            "total_sales": 5083.96,
            "total_quantity": 5
        },
        {
            "Year_Month": "2014-10",
            "Product Name": "GBC DocuBind P400 Electric Binding System",
            "total_sales": 1633.1880000000003,
            "total_quantity": 4
        },
        {
            "Year_Month": "2014-10",
            "Product Name": "GBC DocuBind TL300 Electric Binding System",
            "total_sales": 1793.98,
            "total_quantity": 2
        },
        {
            "Year_Month": "2014-11",
            "Product Name": "Fellowes PB500 Electric Punch Plastic Comb Binding Machine with Manual Bind",
            "total_sales": 3558.772,
            "total_quantity": 8
        },
        {
            "Year_Month": "2014-11",
            "Product Name": "GBC DocuBind TL300 Electric Binding System",
            "total_sales": 3049.7659999999996,
            "total_quantity": 8
        },
        {
            "Year_Month": "2014-12",
            "Product Name": "Ibico EPK-21 Electric Binding System",
            "total_sales": 1889.99,
            "total_quantity": 5
        },
        {
            "Year_Month": "2015-02",
            "Product Name": "Fellowes PB500 Electric Punch Plastic Comb Binding Machine with Manual Bind",
            "total_sales": 2541.98,
            "total_quantity": 2
        },
        {
            "Year_Month": "2015-03",
            "Product Name": "Fellowes PB500 Electric Punch Plastic Comb Binding Machine with Manual Bind",
            "total_sales": 6354.95,
            "total_quantity": 5
        },
        {
            "Year_Month": "2015-04",
            "Product Name": "Fellowes PB500 Electric Punch Plastic Comb Binding Machine with Manual Bind",
            "total_sales": 3812.97,
            "total_quantity": 3
        },
        {
            "Year_Month": "2015-06",
            "Product Name": "Fellowes PB500 Electric Punch Plastic Comb Binding Machine with Manual Bind",
            "total_sales": 3050.376,
            "total_quantity": 3
        },
        {
            "Year_Month": "2015-06",
            "Product Name": "GBC Ibimaster 500 Manual ProClick Binding System",
            "total_sales": 1217.568,
            "total_quantity": 2
        },
        {
            "Year_Month": "2015-08",
            "Product Name": "GBC Ibimaster 500 Manual ProClick Binding System",
            "total_sales": 1217.568,
            "total_quantity": 2
        },
        {
            "Year_Month": "2015-09",
            "Product Name": "GBC Ibimaster 500 Manual ProClick Binding System",
            "total_sales": 1369.764,
            "total_quantity": 6
        },
        {
            "Year_Month": "2015-11",
            "Product Name": "GBC DocuBind TL300 Electric Binding System",
            "total_sales": 1345.485,
            "total_quantity": 5
        },
        {
            "Year_Month": "2015-12",
            "Product Name": "GBC Ibimaster 500 Manual ProClick Binding System",
            "total_sales": 1598.058,
            "total_quantity": 7
        },
        {
            "Year_Month": "2016-01",
            "Product Name": "Fellowes PB500 Electric Punch Plastic Comb Binding Machine with Manual Bind",
            "total_sales": 1270.99,
            "total_quantity": 1
        },
        {
            "Year_Month": "2016-04",
            "Product Name": "GBC DocuBind P400 Electric Binding System",
            "total_sales": 1088.792,
            "total_quantity": 4
        },
        {
            "Year_Month": "2016-07",
            "Product Name": "GBC Ibimaster 500 Manual ProClick Binding System",
            "total_sales": 1369.764,
            "total_quantity": 6
        },
        {
            "Year_Month": "2016-09",
            "Product Name": "GBC DocuBind P400 Electric Binding System",
            "total_sales": 4355.168,
            "total_quantity": 4
        },
        {
            "Year_Month": "2016-09",
            "Product Name": "GBC Ibimaster 500 Manual ProClick Binding System",
            "total_sales": 1141.47,
            "total_quantity": 5
        },
        {
            "Year_Month": "2016-10",
            "Product Name": "Ibico EPK-21 Electric Binding System",
            "total_sales": 4535.976,
            "total_quantity": 3
        },
        {
            "Year_Month": "2016-11",
            "Product Name": "Fellowes PB500 Electric Punch Plastic Comb Binding Machine with Manual Bind",
            "total_sales": 1016.792,
            "total_quantity": 1
        },
        {
            "Year_Month": "2016-11",
            "Product Name": "GBC Ibimaster 500 Manual ProClick Binding System",
            "total_sales": 456.588,
            "total_quantity": 2
        },
        {
            "Year_Month": "2016-12",
            "Product Name": "GBC DocuBind TL300 Electric Binding System",
            "total_sales": 1793.98,
            "total_quantity": 2
        },
        {
            "Year_Month": "2016-12",
            "Product Name": "GBC Ibimaster 500 Manual ProClick Binding System",
            "total_sales": 9892.74,
            "total_quantity": 13
        },
        {
            "Year_Month": "2017-01",
            "Product Name": "GBC DocuBind P400 Electric Binding System",
            "total_sales": 5443.96,
            "total_quantity": 4
        },
        {
            "Year_Month": "2017-01",
            "Product Name": "GBC Ibimaster 500 Manual ProClick Binding System",
            "total_sales": 760.98,
            "total_quantity": 5
        },
        {
            "Year_Month": "2017-04",
            "Product Name": "GBC DocuBind TL300 Electric Binding System",
            "total_sales": 2690.97,
            "total_quantity": 3
        },
        {
            "Year_Month": "2017-08",
            "Product Name": "GBC DocuBind TL300 Electric Binding System",
            "total_sales": 5920.134,
            "total_quantity": 12
        },
        {
            "Year_Month": "2017-09",
            "Product Name": "Fellowes PB500 Electric Punch Plastic Comb Binding Machine with Manual Bind",
            "total_sales": 762.594,
            "total_quantity": 3
        },
        {
            "Year_Month": "2017-09",
            "Product Name": "GBC DocuBind TL300 Electric Binding System",
            "total_sales": 538.194,
            "total_quantity": 2
        },
        {
            "Year_Month": "2017-10",
            "Product Name": "Fellowes PB500 Electric Punch Plastic Comb Binding Machine with Manual Bind",
            "total_sales": 5083.96,
            "total_quantity": 5
        },
        {
            "Year_Month": "2017-10",
            "Product Name": "GBC DocuBind P400 Electric Binding System",
            "total_sales": 1633.188,
            "total_quantity": 4
        },
        {
            "Year_Month": "2017-10",
            "Product Name": "GBC DocuBind TL300 Electric Binding System",
            "total_sales": 1793.98,
            "total_quantity": 2
        },
        {
            "Year_Month": "2017-11",
            "Product Name": "Fellowes PB500 Electric Punch Plastic Comb Binding Machine with Manual Bind",
            "total_sales": 1525.188,
            "total_quantity": 6
        },
        {
            "Year_Month": "2017-12",
            "Product Name": "Ibico EPK-21 Electric Binding System",
            "total_sales": 1889.99,
            "total_quantity": 5
        }
    ],
    "most_frequent_order_month": [
        {
            "Order Month": "2014-12",
            "Order Count": 407
        },
        {
            "Order Month": "2014-11",
            "Order Count": 385
        },
        {
            "Order Month": "2014-09",
            "Order Count": 384
        },
        {
            "Order Month": "2014-08",
            "Order Count": 314
        },
        {
            "Order Month": "2014-06",
            "Order Count": 312
        },
        {
            "Order Month": "2014-10",
            "Order Count": 292
        },
        {
            "Order Month": "2017-12",
            "Order Count": 268
        },
        {
            "Order Month": "2017-09",
            "Order Count": 265
        },
        {
            "Order Month": "2017-11",
            "Order Count": 246
        },
        {
            "Order Month": "2017-06",
            "Order Count": 215
        },
        {
            "Order Month": "2014-05",
            "Order Count": 211
        },
        {
            "Order Month": "2017-08",
            "Order Count": 209
        },
        {
            "Order Month": "2014-04",
            "Order Count": 207
        },
        {
            "Order Month": "2014-07",
            "Order Count": 207
        },
        {
            "Order Month": "2013-09",
            "Order Count": 203
        },
        {
            "Order Month": "2016-09",
            "Order Count": 202
        },
        {
            "Order Month": "2017-10",
            "Order Count": 197
        },
        {
            "Order Month": "2016-11",
            "Order Count": 195
        },
        {
            "Order Month": "2013-11",
            "Order Count": 195
        },
        {
            "Order Month": "2016-06",
            "Order Count": 190
        }
    ],
    "time_series_analysis": [
        {
            "Order Date": "2011-01",
            "Sales": 2522.999,
            "Quantity": 176,
            "Sales_MA": NaN
        },
        {
            "Order Date": "2011-02",
            "Sales": 2381.4197,
            "Quantity": 152,
            "Sales_MA": NaN
        },
        {
            "Order Date": "2011-03",
            "Sales": 4043.1568,
            "Quantity": 211,
            "Sales_MA": 2982.5251666666663
        },
        {
            "Order Date": "2011-04",
            "Sales": 3686.6980000000003,
            "Quantity": 253,
            "Sales_MA": 3370.424833333333
        },
        {
            "Order Date": "2011-05",
            "Sales": 6333.661,
            "Quantity": 224,
            "Sales_MA": 4687.8386
        },
        {
            "Order Date": "2011-06",
            "Sales": 8151.1538,
            "Quantity": 310,
            "Sales_MA": 6057.170933333334
        },
        {
            "Order Date": "2011-07",
            "Sales": 5658.57,
            "Quantity": 267,
            "Sales_MA": 6714.4616
        },
        {
            "Order Date": "2011-08",
            "Sales": 8561.4725,
            "Quantity": 344,
            "Sales_MA": 7457.065433333333
        },
        {
            "Order Date": "2011-09",
            "Sales": 17615.808800000003,
            "Quantity": 411,
            "Sales_MA": 10611.950433333333
        },
        {
            "Order Date": "2011-10",
            "Sales": 3530.3052000000002,
            "Quantity": 270,
            "Sales_MA": 9902.528833333334
        },
        {
            "Order Date": "2011-11",
            "Sales": 12869.4,
            "Quantity": 492,
            "Sales_MA": 11338.504666666668
        },
        {
            "Order Date": "2011-12",
            "Sales": 11644.2695,
            "Quantity": 549,
            "Sales_MA": 9347.991566666666
        },
        {
            "Order Date": "2012-01",
            "Sales": 3167.1365,
            "Quantity": 198,
            "Sales_MA": 9226.935333333333
        },
        {
            "Order Date": "2012-02",
            "Sales": 4443.222,
            "Quantity": 149,
            "Sales_MA": 6418.209333333333
        },
        {
            "Order Date": "2012-03",
            "Sales": 11911.1088,
            "Quantity": 234,
            "Sales_MA": 6507.155766666667
        },
        {
            "Order Date": "2012-04",
            "Sales": 6702.0472,
            "Quantity": 239,
            "Sales_MA": 7685.459333333333
        },
        {
            "Order Date": "2012-05",
            "Sales": 4177.6057,
            "Quantity": 299,
            "Sales_MA": 7596.920566666668
        },
        {
            "Order Date": "2012-06",
            "Sales": 11235.3585,
            "Quantity": 455,
            "Sales_MA": 7371.6704666666665
        },
        {
            "Order Date": "2012-07",
            "Sales": 4719.6245,
            "Quantity": 294,
            "Sales_MA": 6710.8629
        },
        {
            "Order Date": "2012-08",
            "Sales": 8763.5726,
            "Quantity": 426,
            "Sales_MA": 8239.518533333334
        },
        {
            "Order Date": "2012-09",
            "Sales": 9329.2197,
            "Quantity": 594,
            "Sales_MA": 7604.138933333333
        },
        {
            "Order Date": "2012-10",
            "Sales": 5833.702,
            "Quantity": 366,
            "Sales_MA": 7975.498100000001
        },
        {
            "Order Date": "2012-11",
            "Sales": 11267.0601,
            "Quantity": 696,
            "Sales_MA": 8809.993933333333
        },
        {
            "Order Date": "2012-12",
            "Sales": 11868.2582,
            "Quantity": 576,
            "Sales_MA": 9656.3401
        },
        {
            "Order Date": "2013-01",
            "Sales": 5987.051,
            "Quantity": 290,
            "Sales_MA": 9707.456433333335
        },
        {
            "Order Date": "2013-02",
            "Sales": 5009.6512,
            "Quantity": 274,
            "Sales_MA": 7621.653466666667
        },
        {
            "Order Date": "2013-03",
            "Sales": 5455.3651,
            "Quantity": 302,
            "Sales_MA": 5484.022433333333
        },
        {
            "Order Date": "2013-04",
            "Sales": 6619.347,
            "Quantity": 359,
            "Sales_MA": 5694.787766666665
        },
        {
            "Order Date": "2013-05",
            "Sales": 8010.467500000001,
            "Quantity": 509,
            "Sales_MA": 6695.0598666666665
        },
        {
            "Order Date": "2013-06",
            "Sales": 10561.148000000001,
            "Quantity": 646,
            "Sales_MA": 8396.987500000001
        },
        {
            "Order Date": "2013-07",
            "Sales": 6645.6205,
            "Quantity": 342,
            "Sales_MA": 8405.745333333332
        },
        {
            "Order Date": "2013-08",
            "Sales": 9279.4334,
            "Quantity": 617,
            "Sales_MA": 8828.733966666667
        },
        {
            "Order Date": "2013-09",
            "Sales": 16253.127600000002,
            "Quantity": 697,
            "Sales_MA": 10726.0605
        },
        {
            "Order Date": "2013-10",
            "Sales": 10950.8107,
            "Quantity": 427,
            "Sales_MA": 12161.1239
        },
        {
            "Order Date": "2013-11",
            "Sales": 11831.2247,
            "Quantity": 677,
            "Sales_MA": 13011.721
        },
        {
            "Order Date": "2013-12",
            "Sales": 24471.8446,
            "Quantity": 694,
            "Sales_MA": 15751.293333333335
        },
        {
            "Order Date": "2014-01",
            "Sales": 15997.8636,
            "Quantity": 580,
            "Sales_MA": 17433.6443
        },
        {
            "Order Date": "2014-02",
            "Sales": 6969.183,
            "Quantity": 425,
            "Sales_MA": 15812.963733333336
        },
        {
            "Order Date": "2014-03",
            "Sales": 11550.7544,
            "Quantity": 671,
            "Sales_MA": 11505.933666666666
        },
        {
            "Order Date": "2014-04",
            "Sales": 14591.2726,
            "Quantity": 708,
            "Sales_MA": 11037.07
        },
        {
            "Order Date": "2014-05",
            "Sales": 15927.2451,
            "Quantity": 746,
            "Sales_MA": 14023.0907
        },
        {
            "Order Date": "2014-06",
            "Sales": 20020.935400000002,
            "Quantity": 998,
            "Sales_MA": 16846.484366666667
        },
        {
            "Order Date": "2014-07",
            "Sales": 10897.512,
            "Quantity": 650,
            "Sales_MA": 15615.230833333335
        },
        {
            "Order Date": "2014-08",
            "Sales": 33686.9357,
            "Quantity": 1145,
            "Sales_MA": 21535.1277
        },
        {
            "Order Date": "2014-09",
            "Sales": 38956.6108,
            "Quantity": 1293,
            "Sales_MA": 27847.019500000006
        },
        {
            "Order Date": "2014-10",
            "Sales": 22137.519,
            "Quantity": 1025,
            "Sales_MA": 31593.6885
        },
        {
            "Order Date": "2014-11",
            "Sales": 29317.1878,
            "Quantity": 1360,
            "Sales_MA": 30137.10586666667
        },
        {
            "Order Date": "2014-12",
            "Sales": 27359.839200000002,
            "Quantity": 1465,
            "Sales_MA": 26271.515333333333
        },
        {
            "Order Date": "2015-01",
            "Sales": 3167.1365,
            "Quantity": 198,
            "Sales_MA": 19948.054500000002
        },
        {
            "Order Date": "2015-02",
            "Sales": 4443.222,
            "Quantity": 149,
            "Sales_MA": 11656.732566666667
        },
        {
            "Order Date": "2015-03",
            "Sales": 11911.1088,
            "Quantity": 234,
            "Sales_MA": 6507.155766666667
        },
        {
            "Order Date": "2015-04",
            "Sales": 6702.0472,
            "Quantity": 239,
            "Sales_MA": 7685.459333333333
        },
        {
            "Order Date": "2015-05",
            "Sales": 4177.6057,
            "Quantity": 299,
            "Sales_MA": 7596.920566666668
        },
        {
            "Order Date": "2015-06",
            "Sales": 11227.8385,
            "Quantity": 450,
            "Sales_MA": 7369.163799999999
        },
        {
            "Order Date": "2015-07",
            "Sales": 4719.6245,
            "Quantity": 294,
            "Sales_MA": 6708.356233333332
        },
        {
            "Order Date": "2015-08",
            "Sales": 8757.9326,
            "Quantity": 423,
            "Sales_MA": 8235.131866666665
        },
        {
            "Order Date": "2015-09",
            "Sales": 9329.2197,
            "Quantity": 594,
            "Sales_MA": 7602.2589333333335
        },
        {
            "Order Date": "2015-10",
            "Sales": 5833.702,
            "Quantity": 366,
            "Sales_MA": 7973.618100000001
        },
        {
            "Order Date": "2015-11",
            "Sales": 11267.0601,
            "Quantity": 696,
            "Sales_MA": 8809.993933333333
        },
        {
            "Order Date": "2015-12",
            "Sales": 11864.4982,
            "Quantity": 574,
            "Sales_MA": 9655.086766666665
        },
        {
            "Order Date": "2016-01",
            "Sales": 5987.051,
            "Quantity": 290,
            "Sales_MA": 9706.2031
        },
        {
            "Order Date": "2016-02",
            "Sales": 5009.6512,
            "Quantity": 274,
            "Sales_MA": 7620.400133333333
        },
        {
            "Order Date": "2016-03",
            "Sales": 5455.3651,
            "Quantity": 302,
            "Sales_MA": 5484.022433333333
        },
        {
            "Order Date": "2016-04",
            "Sales": 6619.347,
            "Quantity": 359,
            "Sales_MA": 5694.787766666665
        },
        {
            "Order Date": "2016-05",
            "Sales": 8010.4675,
            "Quantity": 509,
            "Sales_MA": 6695.0598666666665
        },
        {
            "Order Date": "2016-06",
            "Sales": 10561.148,
            "Quantity": 646,
            "Sales_MA": 8396.987499999997
        },
        {
            "Order Date": "2016-07",
            "Sales": 6645.6205,
            "Quantity": 342,
            "Sales_MA": 8405.74533333333
        },
        {
            "Order Date": "2016-08",
            "Sales": 9279.4334,
            "Quantity": 617,
            "Sales_MA": 8828.733966666665
        },
        {
            "Order Date": "2016-09",
            "Sales": 16242.5996,
            "Quantity": 690,
            "Sales_MA": 10722.551166666666
        },
        {
            "Order Date": "2016-10",
            "Sales": 10950.8107,
            "Quantity": 427,
            "Sales_MA": 12157.614566666665
        },
        {
            "Order Date": "2016-11",
            "Sales": 11831.2247,
            "Quantity": 677,
            "Sales_MA": 13008.211666666668
        },
        {
            "Order Date": "2016-12",
            "Sales": 24471.8446,
            "Quantity": 694,
            "Sales_MA": 15751.293333333333
        },
        {
            "Order Date": "2017-01",
            "Sales": 13480.5046,
            "Quantity": 407,
            "Sales_MA": 16594.524633333334
        },
        {
            "Order Date": "2017-02",
            "Sales": 4505.2813,
            "Quantity": 262,
            "Sales_MA": 14152.5435
        },
        {
            "Order Date": "2017-03",
            "Sales": 7143.1166,
            "Quantity": 446,
            "Sales_MA": 8376.300833333333
        },
        {
            "Order Date": "2017-04",
            "Sales": 11351.5376,
            "Quantity": 480,
            "Sales_MA": 7666.645166666666
        },
        {
            "Order Date": "2017-05",
            "Sales": 9179.5641,
            "Quantity": 502,
            "Sales_MA": 9224.739433333334
        },
        {
            "Order Date": "2017-06",
            "Sales": 12253.5496,
            "Quantity": 695,
            "Sales_MA": 10928.2171
        },
        {
            "Order Date": "2017-07",
            "Sales": 5108.052,
            "Quantity": 381,
            "Sales_MA": 8847.055233333333
        },
        {
            "Order Date": "2017-08",
            "Sales": 25121.4532,
            "Quantity": 805,
            "Sales_MA": 14161.018266666666
        },
        {
            "Order Date": "2017-09",
            "Sales": 21380.584,
            "Quantity": 888,
            "Sales_MA": 17203.36306666667
        },
        {
            "Order Date": "2017-10",
            "Sales": 17932.9098,
            "Quantity": 720,
            "Sales_MA": 21478.315666666665
        },
        {
            "Order Date": "2017-11",
            "Sales": 16917.151,
            "Quantity": 893,
            "Sales_MA": 18743.54826666667
        },
        {
            "Order Date": "2017-12",
            "Sales": 16036.8565,
            "Quantity": 925,
            "Sales_MA": 16962.30576666667
        }
    ],
    "customer_segmentation": [
        {
            "Customer Name": "Sanjit Chand",
            "total_spent": 23135.976000000002,
            "purchase_frequency": 20,
            "average_order_value": 1051.6352727272729
        },
        {
            "Customer Name": "Adrian Barton",
            "total_spent": 22265.5,
            "purchase_frequency": 12,
            "average_order_value": 1855.4583333333333
        },
        {
            "Customer Name": "Christopher Martinez",
            "total_spent": 18325.724,
            "purchase_frequency": 16,
            "average_order_value": 1145.35775
        },
        {
            "Customer Name": "Jane Waco",
            "total_spent": 11521.34,
            "purchase_frequency": 22,
            "average_order_value": 523.6972727272728
        },
        {
            "Customer Name": "Andy Reiter",
            "total_spent": 11135.588,
            "purchase_frequency": 16,
            "average_order_value": 695.97425
        },
        {
            "Customer Name": "Adam Bellavance",
            "total_spent": 10956.454000000002,
            "purchase_frequency": 16,
            "average_order_value": 547.8227
        },
        {
            "Customer Name": "Dennis Pardue",
            "total_spent": 10117.974,
            "purchase_frequency": 24,
            "average_order_value": 389.15284615384616
        },
        {
            "Customer Name": "Pete Kriz",
            "total_spent": 8926.232,
            "purchase_frequency": 14,
            "average_order_value": 557.8895
        },
        {
            "Customer Name": "Gary Hwang",
            "total_spent": 8555.719000000001,
            "purchase_frequency": 24,
            "average_order_value": 329.06611538461544
        },
        {
            "Customer Name": "Shirley Daniels",
            "total_spent": 7859.289599999999,
            "purchase_frequency": 14,
            "average_order_value": 561.3778285714285
        }
    ],
    "discount_analysis": [
        {
            "Discount": 0.0,
            "total_sales": 564922.78,
            "total_quantity": 24172,
            "average_profit": 25.1211
        },
        {
            "Discount": 0.1,
            "total_sales": 36161.154,
            "total_quantity": 1826,
            "average_profit": 12.0978
        },
        {
            "Discount": 0.15,
            "total_sales": 8011.641,
            "total_quantity": 480,
            "average_profit": 9.7661
        },
        {
            "Discount": 0.17,
            "total_sales": 21618.0804,
            "total_quantity": 1300,
            "average_profit": 7.3052
        },
        {
            "Discount": 0.2,
            "total_sales": 177089.216,
            "total_quantity": 4974,
            "average_profit": 46.1614
        },
        {
            "Discount": 0.4,
            "total_sales": 13656.36,
            "total_quantity": 1606,
            "average_profit": -9.676
        },
        {
            "Discount": 0.5,
            "total_sales": 18255.6,
            "total_quantity": 1602,
            "average_profit": -22.6002
        },
        {
            "Discount": 0.6,
            "total_sales": 7206.608,
            "total_quantity": 1024,
            "average_profit": -15.1623
        },
        {
            "Discount": 0.7,
            "total_sales": 49697.016,
            "total_quantity": 3942,
            "average_profit": -34.2825
        },
        {
            "Discount": 0.8,
            "total_sales": 27162.444,
            "total_quantity": 1906,
            "average_profit": -94.0318
        }
    ],
    "geographic_distribution": [
        {
            "State": "New York",
            "City": "New York City",
            "total_sales": 49124.864,
            "total_quantity": 1117,
            "Location": "New York, New York City"
        },
        {
            "State": "Washington",
            "City": "Seattle",
            "total_sales": 35400.304000000004,
            "total_quantity": 658,
            "Location": "Washington, Seattle"
        },
        {
            "State": "Michigan",
            "City": "Detroit",
            "total_sales": 24978.36,
            "total_quantity": 198,
            "Location": "Michigan, Detroit"
        },
        {
            "State": "Minnesota",
            "City": "Minneapolis",
            "total_sales": 22690.7,
            "total_quantity": 30,
            "Location": "Minnesota, Minneapolis"
        },
        {
            "State": "California",
            "City": "Los Angeles",
            "total_sales": 19505.904,
            "total_quantity": 709,
            "Location": "California, Los Angeles"
        },
        {
            "State": "Georgia",
            "City": "Atlanta",
            "total_sales": 15503.12,
            "total_quantity": 36,
            "Location": "Georgia, Atlanta"
        },
        {
            "State": "California",
            "City": "San Francisco",
            "total_sales": 13119.024000000001,
            "total_quantity": 582,
            "Location": "California, San Francisco"
        },
        {
            "State": "Michigan",
            "City": "Jackson",
            "total_sales": 11223.960000000001,
            "total_quantity": 36,
            "Location": "Michigan, Jackson"
        },
        {
            "State": "California",
            "City": "Sacramento",
            "total_sales": 10259.056,
            "total_quantity": 26,
            "Location": "California, Sacramento"
        },
        {
            "State": "Pennsylvania",
            "City": "Philadelphia",
            "total_sales": 9104.322,
            "total_quantity": 568,
            "Location": "Pennsylvania, Philadelphia"
        },
        {
            "State": "Nevada",
            "City": "North Las Vegas",
            "total_sales": 9071.952000000001,
            "total_quantity": 6,
            "Location": "Nevada, North Las Vegas"
        },
        {
            "State": "Texas",
            "City": "Houston",
            "total_sales": 8603.883999999998,
            "total_quantity": 458,
            "Location": "Texas, Houston"
        },
        {
            "State": "Michigan",
            "City": "Midland",
            "total_sales": 7789.26,
            "total_quantity": 38,
            "Location": "Michigan, Midland"
        },
        {
            "State": "Illinois",
            "City": "Chicago",
            "total_sales": 6336.66,
            "total_quantity": 364,
            "Location": "Illinois, Chicago"
        },
        {
            "State": "Vienna",
            "City": "Vienna",
            "total_sales": 5801.22,
            "total_quantity": 232,
            "Location": "Vienna, Vienna"
        }
    ],
    "ship_mode_analysis": {
        "First Class": {
            "total_orders": 1598,
            "avg_shipping_delay": 2.17,
            "total_profit": 20075.64,
            "shipping_cost_ratio": 0.19
        },
        "Same Day": {
            "total_orders": 590,
            "avg_shipping_delay": 0.05,
            "total_profit": 6601.39,
            "shipping_cost_ratio": 0.19
        },
        "Second Class": {
            "total_orders": 2059,
            "avg_shipping_delay": 3.26,
            "total_profit": 28655.99,
            "shipping_cost_ratio": 0.15
        },
        "Standard Class": {
            "total_orders": 6599,
            "avg_shipping_delay": 4.99,
            "total_profit": 89549.98,
            "shipping_cost_ratio": 0.11
        }
    },
    "order_priority_analysis": {
        "Critical": {
            "avg_profit_margin": -0.01,
            "ship_mode_distribution": {
                "First Class": 0.44038668098818473,
                "Second Class": 0.359828141783029,
                "Same Day": 0.19978517722878625
            }
        },
        "High": {
            "avg_profit_margin": 0.01,
            "ship_mode_distribution": {
                "Standard Class": 0.44759825327510916,
                "Second Class": 0.24645196506550218,
                "First Class": 0.22434497816593887,
                "Same Day": 0.08160480349344978
            }
        },
        "Low": {
            "avg_profit_margin": -0.06,
            "ship_mode_distribution": {
                "Standard Class": 1.0
            }
        },
        "Medium": {
            "avg_profit_margin": 0.0,
            "ship_mode_distribution": {
                "Standard Class": 0.7370125299169366,
                "Second Class": 0.15233000140785583,
                "First Class": 0.08362663663240884,
                "Same Day": 0.027030832042798818
            }
        }
    },
    "rfm_analysis": {
        "median_values": {
            "recency": 736.0,
            "frequency": 1.0,
            "monetary": 46.44
        },
        "customer_distribution": {
            "Promising Customers": 1678,
            "Lost Customers": 1205,
            "At-Risk Customers": 1054,
            "Big Spenders": 1033,
            "Hibernating Customers": 732,
            "VIP": 315,
            "Slipping Away": 146,
            "Loyal Customers": 109
        }
    },
    "churn_analysis": {
        "total_customers": 6272,
        "churned_customers": 4460,
        "churn_rate": 0.7110969387755102,
        "avg_recency": 748.0806760204082,
        "avg_frequency": 1.9607780612244898,
        "avg_monetary": 147.28649544005103,
        "churned_customer_characteristics": {
            "avg_recency": 991.7778026905829,
            "avg_frequency": 2.2062780269058297,
            "avg_monetary": 166.72250446188343,
            "avg_discount": 0.1724187751536613,
            "avg_quantity": 3.3719536988854903,
            "avg_shipping_cost": 7.397343368365795,
            "avg_profit": 10.965569097726544
        },
        "active_customer_characteristics": {
            "avg_recency": 148.25220750551875,
            "avg_frequency": 1.3565121412803531,
            "avg_monetary": 99.44731208609272,
            "avg_discount": 0.18016188373804268,
            "avg_quantity": 3.4638520971302427,
            "avg_shipping_cost": 8.273766813833701,
            "avg_profit": 11.76470988226637
        }
    }
}